2169 2854
1032 240 1092 279 12

227 359 471 396 memoratur-3
495 354 560 388 sed
587 366 696 400 quum
724 354 956 401 optimatibus
982 355 1152 390 infestum
1181 355 1295 390 fuisse
1323 363 1477 398 constet,
1507 355 1634 391 horum
1664 357 1891 403 potissimum

226 430 338 464 opera
372 419 407 454 id
438 420 572 456 factum
602 433 685 456 esse
715 418 958 457 censebimus.
1013 423 1104 458 Post
1133 422 1291 457 eiectum
1323 421 1577 469 Theagenem³
1607 423 1720 470 inquit
1754 425 1890 459 Plutar-

224 485 327 529 chus,
356 486 525 533 Quaestt.
548 501 602 535 gr.
625 500 656 523 c.
678 488 744 533 18,
771 488 1040 536 Megarensium
1070 502 1130 524 res
1156 489 1300 537 publica
1328 489 1515 537 paulisper
1544 491 1730 526 moderate
1756 499 1790 526 et
1819 493 1890 538 pla—

224 552 306 587 cide
329 555 572 599 tractabatur,
603 568 687 591 mox
714 563 834 591 autem
863 557 1046 592 excitatus
1075 569 1095 592 3
1123 557 1334 604 demagogis
1357 557 1525 603 populus
1546 558 1738 605 insurgere
1767 566 1890 594 contra

222 621 414 667 optimates
435 622 605 669 omnique
635 622 741 658 modo
770 623 814 658 iis
843 623 1019 659 insultare
1046 624 1253 672 coepit15)
1309 624 1404 659 lllud
1434 625 1671 672 paulisper
1694 638 1798 672 quam
1828 627 1887 661 diu

223 687 332 723 fuerit
366 688 569 724 nescimus:
605 701 676 724 non
706 689 766 724 diu
799 690 914 725 fuisse
943 691 1030 725 satis
1061 698 1223 738 apparet.
1281 691 1463 726 Ponamus
1493 691 1616 739 viginti
1647 698 1708 727 aut
1744 693 1887 739 triginta

222 767 355 797 annos,
390 756 424 791 h.
446 768 478 791 e.
513 756 668 791 hominis
698 763 854 793 aetatem
875 759 950 804 ¹⁶):
983 758 1035 793 sic
1064 758 1181 805 plebis
1212 758 1272 793 ille
1304 765 1421 794 motus
1451 759 1484 793 in
1510 759 1604 793 idem
1634 759 1712 793 fere
1744 766 1886 807 tempus

220 822 358 863 incidit,
389 836 458 870 quo
482 830 648 870 tempore
665 824 919 871 Theognidem
950 832 1069 860 natum
1100 838 1183 860 esse
1213 825 1454 872 sumpsimus:
1482 825 1576 861 unde
1603 833 1765 873 apparet,
1795 840 1887 873 quae

220 889 254 924 in
290 890 397 926 huius
424 890 589 926 versibus
625 891 852 939 significatur
888 893 1079 927 conversio
1116 892 1167 926 rei
1201 892 1368 938 publicae
1397 904 1466 927 non
1504 905 1581 927 eam
1611 905 1713 937 esse,
1747 893 1792 928 de
1817 905 1885 941 qua

195 957 442 992 rPlutarchus
477 958 647 1006 loquitur.
702 959 750 994 Et
788 959 974 1006 probabile
1010 967 1063 994 cst
1094 966 1230 994 motum
1264 959 1361 994 illum
1391 959 1507 1006 plebis
1542 960 1757 995 exsultantis
1793 962 1884 996 cele-

219 1024 310 1059 riter
343 1037 561 1072 oppressum
597 1026 896 1073 optimatiumque
929 1027 1122 1073 imperium
1154 1026 1362 1061 restitutum
1396 1039 1498 1071 esse,
1531 1027 1575 1061 ad
1611 1039 1717 1074 quem
1752 1034 1883 1064 statum

220 1092 275 1127 rei
303 1092 467 1139 publicae
498 1093 636 1140 aliquot
662 1106 790 1129 versus
820 1093 1049 1141 Theognidis
1075 1093 1167 1128 virili
1197 1100 1315 1128 aetate
1343 1094 1470 1142 scripti
1499 1095 1703 1142 pertinent,
1732 1096 1778 1130 de
1810 1098 1885 1143 qui-

220 1160 286 1194 bus
314 1161 478 1207 p.8sqq.
503 1160 638 1195 dictum
664 1170 730 1195 est.
758 1183 795 1187 —
828 1161 908 1196 Non
938 1162 1042 1208 plane
1069 1167 1205 1196 certam
1234 1161 1325 1195 hanc
1349 1171 1551 1208 temporum
1578 1162 1883 1209 computationem

219 1239 301 1261 esse
332 1227 506 1270 fatemur3
540 1227 605 1262 sed
638 1236 693 1262 est
721 1235 840 1262 tamen
869 1228 963 1263 haud
1001 1227 1248 1275 improbabilis
1285 1235 1321 1263 et
1356 1240 1424 1275 qua
1457 1229 1651 1264 certiorem
1687 1230 1791 1265 aliam
1825 1232 1882 1266 vix

218 1294 370 1329 inveniri
397 1307 507 1342 posse
531 1302 712 1341 putamus.

385 1374 441 1409 De
466 1374 546 1421 ipso
570 1382 689 1409 31110111
709 1374 926 1421 Theognide
943 1383 1091 1422 praeter
1111 1387 1166 1418 03,
1191 1387 1283 1421 quae
1307 1376 1375 1410 iam
1401 1388 1510 1423 supra
1536 1378 1794 1424 proposuimus
1810 1381 1818 1402 ¹
1834 1380 1881 1425 ⁷),

218 1442 285 1475 hoc
320 1454 428 1477 unum
461 1443 562 1477 nobis
596 1454 641 1477 ex
671 1442 749 1477 eius
785 1442 948 1489 reliquiis
977 1442 1065 1477 satis
1100 1441 1237 1488 liquido
1267 1442 1470 1489 intelligere
1498 1444 1683 1488 videmur,
1720 1447 1881 1491 quamvis

214 1614 243 1639 et
263 1612 377 1638 Gelonis
402 1612 566 1644 longiorem,
585 1611 725 1637 Pisistrati
750 1612 864 1642 eiusque
888 1610 1004 1637 111101313
1027 1616 1120 1644 parem
1144 1610 1221 1642 facit,
1243 1611 1312 1643 quod
1336 1612 1416 1638 nobis
1438 1614 1552 1646 propter
1574 1614 1734 1640 Aristotelis
1754 1614 1881 1642 testimo-

212 1658 285 1685 nium
307 1664 360 1684 non
382 1656 491 1683 videtur
508 1656 625 1683 concedi
646 1662 742 1690 posse.

378 1702 423 1735 15)
446 1702 522 1734 Quod
544 1701 710 1728 Aristoleies
732 1703 876 1734 memorat,
898 1702 978 1729 Polit.
1005 1701 1033 1733 V,
1055 1703 1080 1733 4,
1102 1702 1134 1728 3:
1158 1699 1186 1726 οἱ
1207 1698 1260 1737 γὰρ
1282 1700 1472 1738 ὸημηγωγοί,
1499 1701 1549 1729 ἵνα
1571 1701 1704 1739 χρήματα
1726 1703 1811 1741 ἔχωσι
1833 1705 1881 1741 δη-

215 1748 326 1784 μεύειν.
349 1746 486 1783 ἐξέβαλον
508 1743 640 1779 πολλοὺς
656 1746 718 1773 τῶν
742 1745 922 1783 γνωρίμων,
947 1745 1004 1778 ἕως
1027 1744 1158 1779 πολλοὺς
1180 1745 1328 1782 ἐποίησαν
1348 1745 1418 1779 τοὺς
1440 1747 1591 1784 φυγάδας·
1617 1747 1648 1776 οἷ
1671 1746 1702 1776 δὲ
1728 1751 1881 1784 κατιόντες

214 1793 358 1829 ἐνίκησαν
380 1791 543 1829 μαχόμενοι
563 1789 616 1819 τὸν
636 1790 734 1828 δῆμον
751 1790 799 1819 καὶ
823 1790 1007 1827 κατέστησαν
1031 1791 1087 1827 τὴν
1102 1789 1281 1828 ὀλιγαρχίαν,
1303 1795 1439 1821 incertum
1460 1795 1504 1822 est
1527 1795 1560 1822 ad
1579 1795 1680 1823 hocine
1694 1795 1804 1831 tempus
1817 1804 1881 1832 pei·-

180 1870 183 1873 ,
212 1841 309 1872 tineat,
330 1846 366 1866 an
386 1840 420 1866 ad
441 1840 516 1866 illam
538 1840 655 1866 alteram
677 1840 891 1866 conversionem
914 1839 954 1865 rei
983 1838 1126 1872 publicae,
1152 1845 1223 1871 qnae
1248 1840 1274 1866 in
1297 1839 1469 1872 Theognidis
1488 1839 1595 1867 virilem
1623 1841 1745 1868 aetatem
1773 1843 1878 1870 incidit.

213 1885 279 1912 Nam
301 1884 445 1913 admodum
468 1885 629 1917 frequentes
655 1884 791 1911 eiusmodi
813 1885 1015 1911 conversiones
1037 1885 1062 1910 13
1086 1884 1254 1911 Graecorum
1277 1886 1438 1912 civitatibus
1460 1886 1550 1912 fuisse
1570 1886 1643 1913 satis
1664 1889 1784 1915 constat.

374 1928 426 1966 16)
448 1930 477 1957 Sl
502 1930 674 1957 Dunckerum
699 1929 835 1962 audimus,
857 1935 883 1964 p.
899 1929 935 1956 63
957 1929 1020 1955 coll.
1037 1930 1087 1961 57,
1108 1930 1181 1956 inter
1202 1930 1346 1963 expulsum
1362 1930 1538 1963 Theagenem
1560 1937 1769 1966 oppressosque
1790 1935 1880 1968 plebis

212 1978 286 2004 motu
308 1977 458 2011 optimates
485 1983 520 2003 ex
548 1976 636 2010 ipsius
664 1975 781 2002 calculis
812 1976 857 2007 75,
881 1982 917 2002 ex
942 1976 1047 2002 uostris
1071 1975 1107 2001 85
1129 1976 1194 2001 anni
1222 1976 1346 2009 fuerunt,
1373 1976 1444 2009 quod
1470 1977 1579 2011 tempus
1601 1977 1749 2005 Plutarcho
1778 1975 1880 2015 ὀλίγον

213 2021 323 2059 χρόνον
343 2023 432 2048 visum
454 2028 520 2048 esse
540 2022 588 2047 vix
609 2020 703 2047 credo.

377 2065 428 2102 17)
453 2066 621 2093 uberrimam
643 2072 695 2093 300
716 2067 891 2093 iniucundam
917 2067 989 2093 lectu
1017 2067 1137 2093 rabulam
1163 2067 1197 2094 de
1226 2067 1298 2093 omui
1320 2066 1492 2100 Theognidis
1513 2068 1568 2094 vita
1596 2069 1629 2094 311
1652 2069 1741 2101 Anglo
1761 2071 1876 2103 quodam

210 2113 330 2145 erudito,
348 2112 392 2139 Jo.
415 2112 560 2139 Hookham
581 2111 681 2144 Frere,
702 2112 728 2138 in
750 2118 869 2139 secessu
891 2111 1032 2139 Melitensi
1061 2113 1239 2145 contextam,
1265 2111 1432 2145 Melitaeque
1459 2106 1503 2141 effi.
1524 2113 1594 2142 1842
1620 2114 1723 2142 editam
1743 2116 1877 2144 hahemus

211 2161 291 2186 h.t.:
311 2158 495 2190 Theognis
520 2157 727 2184 restitutus.
768 2157 837 2185 The
863 2157 1036 2192 persoual
1064 2158 1207 2191 history
1236 2158 1273 2184 ot'
1298 2158 1360 2185 the
1393 2161 1480 2192 poet
1505 2159 1687 2192 Theognis
1722 2161 1876 2188 deduced

211 2206 298 2232 110111
326 2210 367 2230 33
394 2203 554 2235 analysis
582 2202 622 2228 ot’
650 2202 704 2229 his
733 2204 892 2236 existing
923 2203 1140 2236 fragments,
1174 2203 1209 2230 de
1234 2210 1286 2236 qua
1311 2205 1460 2231 verissime
1486 2205 1620 2231 iudicavit
1647 2206 1708 2231 eius
1734 2207 1877 2239 popularis

211 2251 251 2282 (in
272 2249 418 2282 Quarterly
439 2248 507 2275 Rev.
527 2254 571 2274 30.
588 2248 640 2274 144
661 2254 687 2282 p.
701 2246 788 2283 455):
815 2247 892 2281 „Mn
914 2247 998 2274 Frere
1020 2248 1070 2275 has
1091 2240 1191 2275 shown
1215 2250 1297 2281 great
1317 2250 1461 2282 ingenuity
1478 2251 1504 2276 in
1522 2250 1652 2281 working
1674 2250 1721 2276 ont
1744 2256 1760 2276 3
1782 2252 1877 2277 00351-

211 2298 287 2324 stent
310 2297 402 2328 story3
430 2294 475 2321 his
495 2294 580 2326 fancy
601 2293 652 2320 has
674 2294 829 2321 connected
851 2294 898 2320 the
918 2286 1050 2326 thoughts
1077 2294 1130 2320 and
1152 2294 1320 2321 sentiments
1346 2296 1378 2321 ot'
1402 2295 1448 2322 the
1475 2295 1542 2329 poet
1567 2295 1634 2322 witi]
1662 2294 1708 2321 the
1734 2297 1876 2329 supposed

211 2342 311 2369 events
330 2340 362 2367 or
379 2340 421 2366 his
443 2338 497 2371 day
518 2338 587 2366 with
609 2339 774 2366 wonderlful
797 2339 928 2371 subtlety‚
949 2339 1014 2371 and,
1035 2345 1069 2366 03
1091 2339 1137 2366 1110
1157 2338 1264 2372 whole,
1292 2341 1326 2368 110
1349 2341 1401 2367 1135
1425 2342 1507 2373 given
1531 2348 1562 2367 us
1583 2347 1598 2367 3
1620 2346 1689 2373 very
1709 2340 1875 2369 sholar-like

211 2387 264 2414 and
286 2386 416 2421 pleaslng
439 2390 526 2417 essay
545 2384 619 2411 etc.“
664 2384 781 2411 Scilicet
808 2385 862 2411 hoc
889 2384 948 2416 est,
976 2384 1046 2416 quod
1071 2384 1167 2411 Musae
1195 2385 1266 2418 apud
1289 2385 1438 2412 Hesiodum
1459 2386 1633 2420 profitentur,
1657 2384 1740 2420 ἴδμεν
1763 2383 1876 2419 ψεύδεα

212 2429 308 2459 πολλὰ
329 2429 421 2467 λέγειν
441 2427 593 2464 ἐτύμοισιν
616 2426 711 2464 ὁμοῖα.
749 2431 880 2457 veremur
901 2430 990 2456 autem
1012 2436 1194 2464 magnopere,
1215 2436 1250 2457 ne
1270 2431 1297 2456 in
1319 2431 1353 2456 iis
1375 2438 1492 2463 quoque,
1513 2438 1582 2464 quae
1605 2438 1692 2466 nuper
1712 2437 1729 2457 a
1750 2432 1875 2459 nostrate

210 2479 362 2510 historico,
388 2478 448 2503 vlro
474 2476 637 2503 doctissimo
665 2477 692 2502 et
720 2475 935 2508 sollertissimo,
964 2476 997 2502 de
1021 2476 1192 2509 Theognidis
1219 2477 1246 2503 et
1268 2475 1474 2509 Megarensium
1503 2478 1584 2505 rebus
1612 2483 1742 2511 perquam
1770 2477 1874 2505 diserte

210 2525 323 2552 narrata
343 2524 470 2556 legimus,
491 2522 624 2556 pleraque
649 2518 737 2555 ὁμοῖα
758 2518 910 2555 ἐτύμοισιν
931 2523 1022 2555 magis
1043 2528 1122 2555 quam
1146 2520 1237 2555 ἔτυμα
1257 2521 1375 2549 dicenda
1400 2523 1463 2548 sint.

1616 2562 1630 2581 ³
