2169 2854
1098 207 1165 248 IS

303 320 528 368 optimatium
554 324 724 370 potestati
753 323 895 368 faverit,
924 330 1238 371 exaequatamque
1257 321 1502 359 nobilioribus
1532 321 1673 368 plebem
1697 331 1806 367 aegre
1835 316 1972 360 tulerit,

302 394 421 424 tamen
450 390 593 426 illorum
620 403 765 438 quoque
794 391 987 439 imperium
1017 391 1070 427 sic
1099 391 1244 427 demum
1273 390 1470 438 probasse,
1508 388 1537 424 si
1567 387 1738 436 superbia
1768 393 1804 423 et
1830 383 1973 422 iniuriis

303 456 546 502 abstinerent,
577 464 822 506 mutatamque
846 459 996 494 formam
1031 459 1085 494 rei
1115 458 1284 507 publicae
1313 462 1511 505 propterea
1542 455 1772 504 potissimum
1797 451 1972 495 doluisse,

303 523 398 569 quod
426 523 460 558 in
487 536 529 560 ea
551 525 724 561 maiorem
749 526 928 573 pecuniae
955 538 1060 573 quam
1084 525 1261 561 nobilitati
1285 533 1348 560 aut
1371 524 1495 559 virtuti
1522 524 1698 560 honorem
1725 522 1851 558 haberi
1873 519 1973 555 vide-

304 596 359 624 ret
379 590 447 637 18).
503 593 592 628 Nam
624 606 641 628 a
672 589 883 641 pecuniosis
913 593 1117 628 hominibus
1146 606 1186 628 se
1216 593 1347 641 suique
1372 591 1509 627 similes
1537 598 1691 640 propter
1718 593 1971 638 paupertatem

303 661 484 696 contemni
518 673 589 696 non
623 662 736 697 semel
768 661 1025 708 conqueritur,
1062 661 1126 696 sed
1161 672 1337 709 nusquam
1370 666 1441 695 tam
1473 672 1606 695 caecus
1641 658 1748 694 unius
1777 654 1973 692 nobilitatis

302 726 500 764 admirator
537 735 612 774 est,
650 735 688 765 ut
720 729 851 764 nullam
889 728 957 764 nisi
993 729 1029 764 in
1063 729 1243 765 nobilibus
1279 728 1449 763 virtutem
1481 740 1565 763 esse
1593 730 1762 770 censeat,
1795 722 1972 772 ignobiles

302 802 421 830 autem
452 808 578 831 omnes
604 802 757 844 propter
783 797 851 831 hoc
876 795 994 843 ipsum
1021 797 1129 832 etiam
1154 796 1381 840 inhonestos,
1404 796 1529 840 malos,
1557 795 1655 830 nullo
1680 794 1818 829 honore
1844 790 1972 838 dignos

302 869 417 910 putet,
445 864 525 900 illos
553 865 651 900 solos
679 869 842 910 ἀγαξτούς,
867 869 1018 909 ὲσξνλούς,
1043 865 1178 899 alteros
1202 868 1341 907 κακούς,
1365 868 1485 904 δειλούς
1509 863 1617 907 dicat,
1645 861 1776 909 hisque
1800 856 1973 907 epithetis

302 943 370 966 non
398 936 467 966 tam
498 944 638 967 morum
668 944 773 980 quam
802 931 949 979 generis
979 931 1228 967 diversitatem
1258 930 1438 978 designet,
1466 943 1571 978 quam
1601 928 1880 978 perversitatem
1912 925 1973 974 qui

302 998 509 1047 'l‘heognidi
538 999 835 1046 adscripserunt,
864 999 1017 1035 calidius
1049 999 1152 1035 nobis
1179 1011 1285 1047 quam
1318 997 1461 1033 cautius
1489 997 1611 1045 egisse
1640 1003 1676 1033 et
1706 1008 1852 1045 gravem
1881 994 1973 1030 iniu-

300 1067 389 1102 riam
412 1067 488 1102 viro
514 1079 583 1102 non
614 1073 715 1102 certe
748 1066 933 1114 insipienti
962 1067 1096 1102 fecisse
1117 1067 1297 1103 videntur<
1338 1065 1430 1101 Nam
1460 1078 1530 1100 non
1554 1064 1735 1100 diversam
1760 1063 1795 1099 in
1818 1063 1971 1101 istorum

300 1136 559 1171 vocabulorum
589 1147 656 1170 usu
683 1134 862 1170 rationem
888 1134 1078 1182 Theognis
1103 1136 1285 1179 observat,
1309 1145 1414 1181 quam
1441 1144 1533 1180 quae
1560 1134 1603 1168 ab
1628 1131 1794 1167 omnibus
1821 1130 1906 1166 inde
1929 1130 1972 1165 ab

302 1203 468 1238 Homero
500 1202 743 1250 scriptoribus
777 1202 921 1250 graecis
955 1203 1143 1238 observari
1176 1201 1283 1237 solita
1311 1206 1379 1244 est,
1406 1207 1446 1236 ut
1473 1205 1636 1246 dyasoffiq,
1660 1204 1798 1241 ἐσβλούς
1828 1211 1892 1234 eos
1921 1197 1972 1233 di-

301 1276 394 1315 cant,
419 1283 510 1318 quos
531 1270 665 1306 virtute
687 1269 840 1317 quadam
864 1281 976 1317 supra
998 1270 1127 1317 vulgus
1148 1269 1315 1317 ignavum
1340 1268 1539 1303 instructos
1562 1279 1645 1302 esse
1667 1266 1825 1303 videant.
1862 1264 1972 1314 Quod

301 1351 410 1385 quum
447 1338 645 1386 antiquitus
674 1338 766 1373 haec
794 1337 910 1372 virtus
940 1337 1155 1373 militaribus
1183 1336 1412 1386 potissimum
1449 1335 1587 1370 artibus
1616 1346 1874 1381 armorumque
1902 1340 1973 1369 tra·

301 1406 514 1441 claudorum
544 1406 737 1450 facultate,
772 1404 906 1440 deinde
935 1404 1094 1440 civilium
1127 1416 1250 1453 rerum
1279 1402 1475 1452 prudentia
1511 1408 1547 1437 et
1575 1402 1713 1437 sollerti
1747 1402 1974 1437 administra-

301 1474 399 1509 tione
427 1479 656 1518 censeretur,
685 1473 796 1520 idque
818 1485 934 1520 genus
958 1472 1102 1508 virtutis
1132 1478 1233 1507 certe
1256 1472 1366 1507 multo
1392 1471 1505 1519 magis
1530 1471 1717 1517 multoque
1745 1469 1974 1517 frequentius

300 1541 397 1589 apud
425 1542 565 1576 nobiles
594 1548 693 1577 esset
718 1540 926 1576 liberaliore
955 1540 1108 1587 quadam
1138 1538 1329 1586 disciplina
1357 1538 1542 1574 institutos
1573 1551 1693 1586 neque
1722 1538 1840 1574 victus
1864 1539 1973 1585 quae-

302 1610 405 1645 rendi
435 1609 655 1644 necessitate
685 1607 878 1644 humiliora
907 1615 943 1643 et
971 1607 1116 1643 servilia
1142 1606 1286 1655 negotia
1315 1612 1474 1642 tractare
1504 1612 1671 1651 coactos,
1708 1617 1820 1653 quae,
1855 1605 1973 1641 Grae-

302 1689 427 1718 corum
452 1677 599 1724 quidem
626 1676 776 1720 iudicio,
801 1674 940 1710 animos
962 1675 1160 1720 hominum,
1188 1680 1285 1710 totos
1308 1674 1343 1709 in
1372 1675 1428 1710 sui
1448 1680 1623 1722 quaestus
1649 1684 1737 1708 cura
1760 1679 1972 1720 occupatos,
1988 1719 1998 1724 ἱ

302 1745 407 1779 facile
443 1744 550 1780 etiam
581 1744 776 1779 illiberales
806 1749 842 1778 et
872 1743 915 1778 ad
951 1743 1147 1778 curandam
1183 1755 1260 1777 rem
1288 1741 1469 1789 publicam
1498 1754 1625 1789 parum
1655 1740 1808 1776 idoneos
1842 1740 1975 1776 redde-

304 1819 394 1854 rent„⁴
423 1812 506 1860 quid
534 1812 676 1856 mirum,
705 1811 800 1859 quod
827 1811 998 1847 universe
1026 1812 1219 1858 loquentes
1243 1810 1372 1845 iisdem
1394 1809 1464 1844 illis
1487 1808 1684 1853 vocabulis,
1709 1820 1803 1856 quae
1823 1809 1974 1856 proprie

304 1881 448 1928 quidem
483 1879 625 1915 virtutis
665 1879 924 1927 praestantiam
967 1884 1028 1914 aut
1058 1878 1242 1914 defectum
1284 1876 1506 1922 indicarent,
1549 1877 1742 1925 aliquoties
1779 1875 1887 1911 etiam
1929 1876 1972 1912 ad

304 1949 470 1983 ordinum
510 1948 707 1983 discrimen
735 1947 998 1995 designandum
1031 1946 1085 1981 usi
1116 1945 1230 1981 sunt?
1264 1957 1335 1980 non
1365 1957 1436 1992 quo
1470 1945 1587 1980 nullos
1618 1944 1715 1980 viros
1748 1945 1861 1979 bonos
1890 1957 1973 1992 pro-

306 2017 442 2062 bosque
467 2022 615 2062 praeter
645 2015 795 2060 nobiles,
820 2015 983 2063 plebeios
1008 2020 1128 2049 autem
1158 2025 1284 2048 omnes
1312 2012 1419 2048 etiam
1448 2013 1635 2059 improbos
1661 2013 1848 2059 malosque
1876 2012 1974 2048 dice-

306 2090 405 2128 rent,
434 2083 498 2117 sed
525 2084 622 2131 quod
654 2084 690 2118 in
719 2083 931 2119 universum
959 2068 1234 2116 aestimantibus
1263 2081 1369 2127 longe
1397 2080 1479 2127 plus
1509 2079 1588 2115 eius
1616 2079 1780 2124 virtutis,
1807 2091 1877 2126 qua
1905 2079 1973 2115 viri

308 2151 389 2186 boni
421 2158 457 2185 et
493 2151 800 2186 administrandae
831 2150 884 2185 rei
917 2148 1084 2196 publicae
1116 2148 1238 2183 idonei
1270 2153 1531 2191 censerentur,
1562 2147 1657 2194 apud
1692 2146 1831 2182 nobiles
1868 2159 1973 2195 quam

307 2219 402 2266 apud
435 2219 612 2266 plebeiam
649 2218 915 2254 multitudinem
947 2229 1030 2252 esse
1065 2216 1268 2252 videbatur.
1332 2215 1421 2250 Nam
1464 2227 1483 2250 a
1518 2214 1670 2262 potiori,
1706 2219 1744 2249 ut
1777 2213 1895 2260 aiunt,
1935 2215 1975 2251 fit

309 2286 514 2334 appellatio.
559 2287 667 2334 Apud
698 2285 952 2333 Theognidem
982 2291 1102 2320 autem
1133 2296 1259 2319 eorum
1289 2284 1466 2327 locorum,
1495 2282 1554 2318 ubi
1586 2283 1758 2318 vocabula
1786 2282 1854 2318 ista
1879 2282 1974 2318 civili

308 2355 429 2401 {retius
458 2367 564 2402 quam
593 2354 718 2390 morali
747 2353 951 2401 significatu
977 2350 1192 2399 accipienda
1215 2363 1298 2386 esse
1322 2356 1463 2386 certum
1490 2350 1548 2395 sit,
1571 2362 1641 2385 non
1669 2350 1718 2385 ita
1747 2357 1896 2398 magnus
1919 2357 1976 2386 est

480 2458 530 2495 18)
551 2460 650 2492 „Nulla
673 2461 825 2488 deformior
851 2460 965 2494 species
986 2459 1030 2486 est
1057 2458 1196 2491 civitatis,
1224 2464 1303 2491 quam
1332 2460 1358 2485 iu
1388 2464 1440 2490 qua
1465 2458 1670 2492 opulentissimi
1697 2457 1792 2491 optimi
1819 2457 1978 2491 putantur“,

309 2507 395 2538 inquit
417 2505 512 2540 Scipio
533 2506 604 2540 apud
627 2505 789 2533 Ciceronem
811 2506 845 2532 de
866 2512 895 2532 re
917 2504 990 2539 publ.
1016 2503 1039 2536 1,
1061 2504 1108 2530 34.
