2169 2854
1072 239 1141 278 EG

276 358 472 396 544—541
494 359 562 405 ¹³),
592 357 738 392 circiter
765 356 810 391 ol.
827 355 874 390 52
903 358 950 402 (a.
971 354 1058 389 Chr.
1075 354 1147 389 572
1164 353 1292 401 ῳ569)
1321 360 1427 388 natus
1453 365 1535 388 esse
1561 353 1753 397 videbitur,
1787 357 1825 387 ut
1848 363 1941 386 anno

278 430 322 463 ol.
343 428 402 471 72,
427 427 447 460 2
478 425 583 473 (491)
610 436 734 459 senem
764 423 809 457 81
837 429 899 457 aut
925 421 973 456 78
1002 433 1178 456 annorum
1207 420 1321 455 fuisse
1351 426 1612 468 consequatur.

431 494 504 528 Iam
542 504 629 527 vero
669 503 777 538 quum
825 491 887 525 has
923 488 1151 536 Theognidis
1192 487 1366 534 reliquias
1408 487 1670 522 diversissimis
1713 485 1940 533 temporibus

276 560 507 609 assignandas
538 571 619 593 esse
648 564 841 605 appareat,
870 562 944 591 tum
974 556 1063 591 illud
1098 567 1244 603 quoque
1279 554 1510 590 manifestum
1542 559 1617 598 est,
1653 566 1723 589 non
1758 551 1940 588 immerito

276 643 340 666 nos
368 628 562 676 quidquam
600 638 644 660 ex
680 625 724 659 iis
756 625 802 659 de
827 623 1097 671 Megarensium
1133 623 1287 658 historia
1323 623 1495 670 cognosci
1527 633 1711 669 negasse,
1739 620 1808 656 nisi
1843 619 1939 667 quod

277 698 330 732 vel
368 696 419 731 sic
462 693 609 729 dubium
654 704 737 727 esse
776 691 999 739 nequiverit,
1043 691 1184 726 scilicet
1226 690 1341 725 fuisse
1383 690 1544 736 Megaris
1584 688 1721 736 pariter
1757 694 1865 735 atque
1904 687 1940 724 in

276 763 408 801 ceteris
435 761 617 810 plerisque
636 759 819 796 Graeciae
849 758 1054 794 civitatibus
1079 758 1175 793 inter
1204 758 1346 805 plebem
1372 764 1409 792 et
1433 757 1626 804 optimates
1645 761 1836 800 certatum,
1866 755 1940 802 ple-

276 836 428 879 bemque
457 828 647 876 aliquando
681 827 909 874 superiorem
940 826 1120 870 evasisse,
1157 838 1224 861 nec
1256 825 1419 861 defuisse
1451 825 1581 872 quibus
1616 824 1707 859 haec
1742 821 1940 858 certamina

275 908 335 936 aut
362 900 535 935 iacturam
567 896 619 931 rei
647 894 832 930 t'amiliaris
862 900 923 928 aut
951 893 1101 928 exilium
1127 901 1189 929 aut
1213 894 1321 929 etiam
1347 893 1533 928 interitum
1561 891 1760 928 attulerint.
1815 891 1940 927 Pauca

274 967 448 1016 quaedam
478 964 523 999 de
552 962 819 1010 Megarensium
847 962 996 996 historia
1026 961 1133 996 etiam
1159 963 1202 996 ab
1231 961 1309 996 aliis
1335 960 1468 996 tradita
1494 967 1597 1004 sunt3
1629 959 1694 995 sed
1718 959 1817 1003 nihil,
1841 958 1937 1006 quod

273 1036 316 1071 ad
347 1031 574 1079 Theognidis
603 1037 756 1064 aetatem
792 1029 1020 1064 confidenter
1053 1028 1184 1064 referri
1214 1028 1340 1076 possit.
1397 1028 1612 1076 'E'yrannum
1641 1026 1808 1063 extitisse
1839 1025 1939 1061 audi-

274 1115 351 1138 mus
381 1101 614 1146 'Pheagenem
650 1097 849 1145 quendam,
887 1097 1039 1145 Cylonis
1066 1096 1304 1132 Atheniensis
1339 1108 1529 1139 socerum,
1563 1094 1717 1142 eiusque
1744 1099 1937 1129 conatuum

273 1171 494 1207 adiutorenu
522 1178 588 1201 nec
617 1166 772 1200 dubitari
797 1172 930 1212 potest,
960 1164 1044 1212 quin
1061 1164 1091 1199 is
1109 1163 1302 1211 tyrannide
1329 1163 1465 1210 potitus
1489 1162 1536 1197 sit
1551 1162 1688 1210 aliquot
1712 1166 1814 1197 certe
1836 1161 1938 1196 annis

273 1245 353 1273 ante
382 1247 486 1282 quam
513 1234 648 1280 Cylon,
678 1233 757 1268 eius
788 1232 923 1268 auxilio
952 1233 1088 1275 l'retuS,
1120 1231 1274 1267 Athenis
1303 1230 1458 1278 imperio
1493 1230 1601 1277 potiri
1632 1230 1842 1265 conabatur,
1896 1229 1936 1264 ld

276 1301 481 1352 peritissimi
525 1301 735 1348 chronologi
775 1313 843 1336 non
881 1306 962 1347 post
997 1312 1077 1335 ann.
1105 1300 1177 1334 612
1216 1300 1350 1334 sactum
1388 1311 1471 1333 esse
1510 1304 1691 1333 statuunt:
1726 1297 1937 1345 Theagenis

272 1372 380 1419 igitur
407 1369 609 1417 tyrannidis
636 1368 774 1404 initium
808 1368 894 1403 circ.
925 1379 1004 1402 aun.
1023 1367 1094 1402 615
1124 1367 1238 1401 fuisse
1265 1378 1455 1413 ponemus.
1511 1365 1591 1400 Non
1620 1364 1827 1400 diuturnam
1858 1364 1937 1400 eius

272 1437 498 1487 tyrannidem
527 1436 639 1471 fuisse
668 1448 713 1471 ex
744 1435 952 1471 Aristotelis
982 1434 1136 1482 quodam
1169 1435 1249 1469 loco
1274 1433 1505 1481 intelligitur,
1532 1432 1704 1477 Policv,
1727 1433 1763 1477 9,
1782 1433 1848 1477 ⁶21,
1878 1433 1937 1468 ubi

273 1513 505 1554 posteaquam
535 1503 692 1538 omnium
720 1502 962 1550 longissimam
994 1503 1323 1550 Orthagoridarum
1351 1503 1445 1549 apud
1480 1502 1677 1549 Sicyonios
1705 1501 1935 1548 tyrannidem

270 1573 383 1608 fuisse
411 1571 520 1615 dixit,
557 1583 647 1618 quae
675 1571 740 1605 suit
773 1576 916 1606 centum
948 1571 1026 1605 fere
1059 1582 1254 1613 armorum,
1292 1569 1375 1605 huic
1410 1569 1613 1616 proximam
1640 1569 1936 1616 Cypselidarum,

271 1641 329 1688 qui
358 1645 434 1675 tres
463 1645 498 1673 et
526 1638 753 1685 septuaginta
781 1650 893 1673 annos
919 1637 1086 1672 Corinthi
1111 1638 1357 1685 imperarunt,
1387 1637 1530 1672 tertiam
1562 1637 1744 1673 Pisistrati
1781 1637 1935 1683 eiusque

271 1708 446 1750 filiorum,
472 1706 552 1753 qui,
583 1717 797 1753 quamquam
827 1717 896 1740 non
931 1717 1002 1740 uno
1031 1711 1180 1749 tenore,
1213 1704 1373 1752 quinque
1404 1711 1439 1739 et.
1469 1705 1615 1753 triginta
1640 1717 1752 1740 annos
1781 1704 1935 1739 Athenis

272 1774 528 1822 praefuerunt,
564 1785 609 1808 cx
639 1773 807 1819 reliquis,
835 1772 961 1820 inquit,
989 1773 1198 1820 longissima
1226 1773 1293 1808 fuit
1323 1772 1497 1808 llieronis
1524 1773 1679 1820 eiusque
1705 1772 1829 1808 fratris
1860 1772 1936 1808 Ge-

270 1842 361 1877 lonis
386 1840 593 1884 dominatio,
621 1839 682 1887 qui
711 1840 959 1886 duodeviginti
983 1853 1096 1876 annos
1121 1840 1369 1888 imperarum3
1400 1841 1465 1876 sed
1495 1841 1693 1889 pleraeque
1721 1840 1935 1889 tyrannides

270 1908 459 1943 admodum
496 1909 625 1943 breves
660 1907 827 1942 fuerunt:
867 1912 1085 1953 ὀλιγοχρόνιαι
1116 1914 1216 1945 πᾶσαι
1249 1914 1408 1956 γεγόνασι
1436 1915 1604 1951 παντελῶς.
1669 1909 1708 1943 En
1741 1908 1796 1943 his
1824 1907 1935 1955 igitur

269 1982 424 2014 emm-stal-
444 1980 679 2021 ὁλιγοχροιιίαις
702 1975 808 2010 etiam
834 1975 1045 2021 'l'heagenis
1074 1975 1302 2021 tyrannidem
1331 1976 1512 2011 numerari
1544 1988 1696 2011 necesse
1726 1982 1799 2019 est,
1829 1987 1933 2022 quam

270 2056 337 2078 non
366 2043 561 2089 ignoratam
595 2054 678 2077 esse
713 2042 755 2076 ab
788 2041 985 2076 Aristotele
1022 2042 1112 2076 alter
1147 2043 1311 2078 eiusdem
1348 2044 1427 2079 libri
1465 2045 1567 2080 locus
1597 2057 1628 2078 c.
1651 2044 1687 2088 4,
1710 2044 1731 2078 5
1762 2042 1933 2078 ostendit.

269 2112 342 2146 Sed
373 2122 415 2144 ne
441 2109 634 2144 illiberales
659 2110 859 2152 videamur,
889 2110 1016 2145 decem
1042 2111 1073 2145 ei
1094 2118 1155 2146 aut
1180 2111 1286 2146 etiam
1310 2112 1515 2158 quindecim
1540 2123 1652 2146 annos
1669 2111 1933 2146 concedamus:

269 2178 459 2224 expulsum
499 2189 580 2211 esse
617 2183 864 2224 consequetur
899 2177 985 2212 circ.
1019 2189 1098 2212 ann.
1126 2177 1286 2223 600¹4).
1341 2179 1371 2214 A
1405 2178 1536 2225 quibus
1571 2178 1748 2226 expulsus
1780 2178 1826 2212 sit
1862 2190 1932 2213 non

430 2294 475 2326 13)
500 2295 708 2322 Vid.lVelcl‹ei-.
731 2295 858 2329 prolegg.
881 2302 907 2330 p.
930 2296 996 2328 XVI,
1017 2297 1062 2329 qui
1083 2296 1188 2323 Suidae
1209 2297 1295 2324 verba
1317 2294 1448 2332 γεγονώς
1469 2294 1500 2323 ἐν
1522 2296 1557 2331 τῇ
1579 2295 1628 2323 νθ’
1648 2291 1704 2322 Ὀλ,
1727 2302 1782 2323 nou
1802 2296 1836 2323 de
1857 2302 1931 2323 auno

267 2342 351 2369 natali
376 2341 541 2376 accipienda
568 2348 633 2368 csse
658 2342 738 2368 nobis
765 2341 874 2374 quidem
900 2343 973 2369 satis
1000 2343 1137 2377 probasse
1166 2342 1283 2370 videtur.
1337 2342 1401 2377 Ipse
1426 2342 1590 2369 Welckerus
1610 2341 1801 2375 Theognidem
1828 2342 1864 2369 ol.
1885 2342 1930 2373 55,

265 2389 281 2417 2
302 2389 349 2415 aut
369 2387 385 2415 3
407 2388 498 2414 natum
519 2388 629 2419 statuit,
656 2388 726 2420 quod
753 2388 878 2419 quamvis
903 2388 1112 2421 haudquaquam
1136 2388 1301 2416 incredibile
1328 2389 1379 2420 sit,
1405 2388 1577 2423 probabilius
1604 2388 1695 2415 tamen
1725 2387 1834 2414 videtur
1860 2387 1930 2420 quod

264 2441 314 2461 nos
336 2434 487 2467 posuimus,
508 2439 541 2459 ne
561 2434 642 2459 nimis
664 2433 777 2459 iuvenili
799 2434 893 2460 aetate
915 2434 1008 2461 clarus
1030 2434 1120 2461 ruisse
1142 2434 1259 2461 dicatur.

393 2499 394 2505 ,
430 2477 474 2508 14)
499 2478 673 2511 DuncRerus,
696 2478 764 2505 inst.
788 2479 843 2505 aut.
865 2478 897 2505 lv
920 2486 944 2513 p.
961 2478 1010 2511 57,
1032 2481 1109 2506 eirca
1131 2486 1194 2507 anu.
1215 2480 1269 2507 590
1291 2487 1351 2508 enin
1374 2482 1519 2515 expulsum
1542 2480 1655 2512 statuit,
1674 2486 1807 2513 quumque
1831 2480 1867 2514 (p.
1881 2479 1930 2513 54)

265 2526 316 2550 iant
339 2525 405 2550 circ.
427 2523 480 2550 625
501 2529 591 2550 rerum
614 2524 727 2558 potitum
750 2531 815 2551 esse
843 2524 934 2556 dicat,
961 2525 1135 2557 tyrannidem
1158 2527 1218 2553 eius
1243 2533 1377 2554 annorum
1401 2527 1451 2559 35,
1478 2528 1571 2559 itaque
1591 2526 1676 2553 multo
1696 2531 1776 2558 quam
1799 2525 1929 2553 Hieronis
