2169 2854
1075 221 1112 260 4

267 337 442 385 pretando
472 337 688 385 Theognide
718 348 809 372 unus
836 336 995 371 omnium
1022 336 1128 383 longe
1154 333 1423 379 meritissimus,
1451 334 1652 381 prudenter
1678 332 1829 377 monuit,
1859 344 1929 367 ma-

267 417 370 453 gnam
402 410 540 452 partem
570 404 710 440 illarum
742 403 978 451 reliquiarum
1015 403 1059 439 ad
1093 402 1364 450 Megarensium
1400 414 1477 437 rem
1512 401 1694 450 publicam
1730 400 1932 449 pertinere,

270 484 386 519 neque
410 470 561 519 intelligi
581 476 683 506 recte
708 482 839 518 posse,
866 469 933 505 nisi
962 469 1105 518 cognita
1129 469 1208 504 eius
1233 469 1286 504 rei
1312 469 1479 517 publicae
1505 469 1670 514 historia,
1699 480 1792 516 quae
1821 480 1931 515 quum

269 551 395 586 parum
421 538 523 574 nobis
551 545 634 573 nota
662 537 720 579 sit,
749 537 857 572 etiam
886 537 1059 584 pleraque
1086 536 1121 571 in
1150 536 1368 584 Theognide
1397 549 1549 585 prorsus
1573 537 1730 572 obscura
1766 542 1802 571 et
1831 535 1931 571 inex-

268 605 446 654 plicabilia
470 617 552 640 esse
574 617 727 640 necesse
745 612 812 640 est.
850 604 940 640 Nam
970 617 1017 639 ex
1043 603 1133 651 ipsis
1160 603 1306 651 quidem
1327 603 1407 640 eius
1430 603 1599 640 versibus
1624 603 1711 639 nihil
1739 603 1783 638 ad
1809 615 1931 638 rerum

268 672 532 720 Megaricarum
562 672 804 719 cognitionem
834 672 1030 716 lucramur,
1054 676 1204 718 praeter
1227 671 1297 707 hoc
1326 683 1448 716 unum,
1474 672 1570 719 quod
1587 672 1695 708 etiam
1722 672 1858 718 absque
1886 670 1931 705 iis

269 753 337 776 non
365 739 632 784 dubitaremus,
659 739 773 776 fuisse
798 739 957 787 Megaris
986 751 1056 775 non
1086 738 1203 775 minus
1232 751 1337 787 quam
1370 739 1404 774 in
1434 740 1570 775 ceteris
1596 738 1781 776 Graeciae
1811 737 1933 774 civita-

268 809 364 844 tibus
399 807 596 843 identidem
630 807 724 842 inter
756 808 898 855 plebem
936 813 972 842 et
1000 806 1193 854 optimates
1221 806 1320 842 vario
1348 813 1481 842 eventu
1518 812 1718 843 certatum:
1748 806 1817 841 nisi
1851 805 1932 854 quis

268 877 362 912 forte
391 879 457 911 hoc
488 876 613 910 saltem
648 875 683 910 in
711 875 814 910 lucro
846 874 1053 922 ponendum
1084 886 1168 910 esse
1199 874 1315 919 dicat,
1348 874 1445 921 quod
1481 874 1565 910 talia
1595 874 1794 910 certamina
1824 874 1931 909 etiam

268 942 495 991 Theognidis
523 948 641 978 aetate
667 942 780 978 fuisse
804 942 1004 987 videamus,
1030 942 1224 990 ipsumque
1250 947 1393 990 poetam
1422 942 1648 990 optimatium
1677 942 1790 990 magis
1827 954 1932 990 quam

266 1010 380 1058 plebis
410 1009 572 1057 partibus
596 1010 739 1045 favisse.
795 1009 1100 1045 perincommode
1126 1016 1246 1045 autem
1270 1009 1422 1054 accidit,
1448 1015 1487 1045 ut
1514 1010 1550 1046 in
1580 1010 1672 1046 hanc
1700 1009 1931 1058 farraginem,

267 1090 357 1125 quae
389 1076 615 1124 Megarensis
643 1082 773 1123 poetae
802 1089 933 1112 nomen
959 1077 1132 1124 praefert.
1160 1076 1268 1112 etiam
1298 1077 1450 1113 aliorum
1478 1084 1668 1126 poetarum
1695 1090 1824 1114 versus
1852 1090 1927 1125 pas-

265 1145 331 1180 sim
364 1144 514 1180 admixti
540 1143 628 1189 sint,
664 1157 817 1192 quorum
848 1144 916 1179 etsi
944 1150 1000 1179 sat
1028 1145 1160 1180 multos
1194 1151 1346 1192 propter
1375 1145 1513 1181 diserta
1545 1151 1709 1181 veterum
1740 1152 1930 1182 auctorum

264 1211 469 1248 testimonia
494 1224 512 1246 a
536 1212 787 1259 Theognideis
811 1224 1009 1247 secernere
1034 1212 1154 1258 liceat,
1182 1218 1322 1248 restant
1344 1218 1465 1249 tamen
1489 1226 1559 1249 non
1583 1213 1702 1261 pauci,
1730 1213 1790 1261 qui
1811 1220 1930 1250 utrum

264 1280 343 1315 iure
376 1291 418 1314 an
443 1279 575 1314 iniuria
605 1279 654 1314 illi
684 1279 937 1315 adscribantur
964 1279 1128 1315 incertus
1154 1280 1320 1316 haereas.
1364 1281 1544 1317 Nimirum
1573 1294 1716 1317 omnem
1742 1282 1834 1317 hanc
1859 1283 1928 1317 col-

264 1347 455 1382 lectionem
491 1359 561 1382 non
595 1359 680 1382 sana
717 1347 870 1394 quadam
907 1353 943 1382 et
973 1359 1103 1383 severa
1138 1347 1278 1384 ratione
1313 1349 1439 1385 critica
1469 1350 1671 1385 confectam
1708 1362 1791 1385 esse
1820 1349 1930 1385 mani-

264 1415 395 1450 festum
421 1420 488 1459 est,
515 1414 580 1449 sed
609 1414 811 1450 institutam
841 1416 883 1450 ab
908 1415 1028 1462 aliquo
1055 1420 1219 1452 veterum
1242 1422 1433 1464 poetarum
1460 1417 1646 1462 studioso,
1671 1417 1731 1466 qui
1755 1416 1930 1466 quidquid

264 1483 396 1529 ubique
426 1481 706 1529 'l'heognideum
736 1482 823 1517 ferri
850 1482 1002 1526 videret,
1030 1483 1128 1519 nullo
1158 1489 1260 1519 certo
1287 1483 1428 1530 ordine,
1457 1485 1522 1520 sed
1550 1490 1586 1520 ut
1615 1485 1774 1533 quidque
1803 1499 1931 1522 occur-

264 1550 383 1594 risset,
412 1550 489 1584 fere
517 1549 560 1584 ad
588 1548 732 1584 modum
763 1561 889 1585 eorum
914 1549 973 1597 qui
1003 1550 1111 1586 hodie
1141 1551 1252 1586 Alba
1280 1563 1374 1598 quae
1397 1551 1568 1588 dicuntur
1596 1554 1663 1588 sibi
1683 1554 1930 1599 conscribunt,

264 1618 298 1652 in
327 1617 469 1653 chartas
499 1616 716 1661 coniiceret,
748 1629 817 1652 non
849 1617 957 1653 anxie
986 1618 1031 1653 de
1067 1618 1291 1666 singulorum
1328 1620 1545 1655 auctoritate
1578 1621 1774 1666 sollicitus,
1810 1634 1929 1670 neque

265 1685 381 1720 aliena
410 1685 606 1731 quaedam,
644 1684 749 1719 modo
779 1685 914 1720 ceteris
946 1697 1016 1721 non
1047 1686 1242 1731 absimilia,
1277 1687 1489 1723 adscribere
1514 1688 1663 1724 veritus.
1720 1689 1783 1725 Sic
1813 1696 1929 1727 natam

265 1751 514 1787 collectionem
547 1750 603 1785 alii
642 1751 748 1786 modo
784 1757 893 1786 totam
933 1753 1040 1788 modo
1076 1753 1229 1801 aliquam
1266 1754 1345 1789 eius
1375 1763 1513 1802 partem
1551 1756 1829 1804 descripserunt
1864 1773 1929 1808 pro

264 1831 330 1853 suo
359 1819 511 1865 quisque
542 1818 654 1853 lubitu
684 1825 720 1853 et
748 1818 911 1854 consilio.
952 1820 1081 1867 Itaque
1110 1821 1168 1868 qui
1199 1821 1308 1857 hodie
1332 1830 1531 1869 supersunt
1560 1825 1708 1860 codices
1734 1826 1792 1862 alii
1822 1827 1928 1864 alium

265 1899 434 1921 versuum
462 1898 650 1921 numerum
682 1886 833 1921 habent:
865 1887 1039 1934 plurimos
1068 1887 1214 1934 quidem
1244 1889 1402 1924 omnium
1425 1890 1544 1925 codex
1564 1891 1796 1938 Mutinensis,
1823 1907 1929 1941 quem

265 1958 399 2000 primus
422 1952 526 1988 Enim.
545 1953 733 1988 Bekkerus
759 1954 960 2001 usurpavit,
989 1953 1023 1989 in
1049 1967 1119 2001 quo
1148 1961 1384 1991 sunt‘versus
1405 1957 1515 2001 1389,
1539 1958 1780 2005 paucissimos
1809 1968 1928 1998 autem

267 2033 357 2055 unus
387 2033 406 2055 e
433 2020 618 2063 Palatinis,
648 2020 680 2055 in
706 2033 776 2067 quo
806 2021 901 2056 haud
932 2021 1085 2068 amplius
1116 2023 1163 2057 64
1193 2024 1372 2071 leguntur.
1428 2024 1503 2059 Sed
1534 2037 1580 2060 ne
1604 2026 1824 2064 Mutinensis
1853 2031 1928 2077 qui-

264 2087 344 2121 dem
376 2099 457 2121 cum
488 2099 657 2121 versuum
689 2100 877 2123 numerum
909 2088 1035 2133 habet,
1065 2102 1170 2136 quem
1203 2103 1222 2125 a
1252 2091 1367 2126 Suida
1396 2100 1718 2130 commemoratum
1749 2096 1927 2133 videmus.

265 2155 353 2190 Nam
389 2154 418 2189 is
449 2155 543 2201 apud
582 2167 690 2189 unum
727 2167 872 2199 eorum,
903 2168 993 2202 quos
1029 2157 1255 2204 compilavit,
1295 2166 1484 2194 auctorum
1520 2172 1649 2196 versus
1679 2162 1795 2208 2800,
1831 2167 1926 2212 apud

265 2223 429 2266 alterum,
459 2227 496 2256 ut
521 2222 677 2266 videtur,
707 2222 804 2257 2806
833 2229 1041 2259 numeratos
1069 2224 1266 2272 inveniU).
1317 2226 1448 2274 Neque
1476 2234 1595 2263 tamen
1622 2229 1757 2265 diversi
1782 2234 1928 2278 generis

430 2365 459 2403 1)
482 2367 630 2394 Assentior
651 2369 723 2394 enim
745 2368 892 2396 Welckero
915 2368 1064 2404 (Prolegg.
1087 2377 1111 2402 11.
1127 2370 1308 2407 LXXllIsqw)
1331 2379 1401 2405 quae
1422 2373 1524 2400 Snidas
1548 2373 1648 2402 habet:
1671 2374 1792 2412 γιώμας
1813 2375 1850 2404 δι’
1869 2377 1924 2407 ἐλε-

263 2412 341 2449 γείας
366 2411 405 2445 εἷς
428 2412 484 2447 ἔπη
508 2411 567 2446 βώ.
595 2422 643 2438 και
666 2411 742 2446 πρὸς
768 2412 893 2449 Κυρνον
918 2412 970 2441 τὸν
991 2411 1087 2442 αὐτοῦ
1112 2414 1267 2451 ἐοωμειων
1288 2417 1498 2455 γῑῌωμολοῄαι
1523 2415 1560 2445 δι
1584 2418 1722 2457 ἐλεγείων
1750 2421 1800 2450 καὶ
1824 2422 1924 2459 ἑτέρας

263 2457 333 2486 ὕπο.
331 2456 424 2493 mjnag
446 2456 667 2491 π1ιραινετικάς
690 2456 724 2484 τὰ
746 2457 842 2485 πάντα
864 2457 989 2493 ἐπικως,
1012 2468 1027 2488 e
1048 2462 1170 2489 diversis
1195 2464 1356 2490 auctoiibns
1380 2465 1529 2498 conmilata
1552 2473 1628 2495 esse
1650 2468 1678 2494 et
1699 2468 1732 2494 ad
1757 2475 1837 2496 unam
1857 2478 1925 2498 ean-

262 2507 375 2537 ‹lennqm
398 2505 600 2536 gnomologium
625 2506 772 2538 pertinit-e
817 2506 852 2531 111
857 2506 1012 2539 1111111111)υε,
1034 2506 1345 2542 11η,11111111.’111111,τ1,1“,ς
1370 2508 1494 2542 fni-011
1516 2512 1613 2541 delmi.
1637 2516 1842 2547 βοείη-1111511111
1866 2524 1927 2544 v-er
