2169 2854
1086 235 1155 274 10

290 356 366 389 lere
391 355 655 402 optimatesque
683 351 891 399 opprimere
920 351 1084 394 student,
1122 362 1190 385 non
1220 349 1402 384 immerito
1430 353 1565 395 ὑβρίζων
1593 349 1783 393 dicuntur,
1820 347 1954 395 quippe

290 433 397 468 quum
418 420 616 455 insolenter
631 423 864 467 grassenturz
892 418 1003 453 iidem
1020 430 1129 465 quum
1152 417 1295 464 plebem
1320 416 1522 463 exagitant,
1550 429 1622 464 quo
1640 416 1710 463 ipsi
1732 416 1811 452 eius
1829 415 1953 451 favore

290 494 455 522 crescant
476 492 717 534 potentesque
739 485 845 529 fiant,
876 497 1134 532 corrumpere,
1163 487 1319 529 φῇείρειυ,
1344 496 1422 519 eam
1443 484 1614 520 dicuntur
1632 485 1710 532 ¹⁰),
1739 483 1955 520 verendum-

289 567 359 601 que
386 567 486 599 esse,
525 567 570 589 ne
596 554 648 589 sic
678 554 806 589 turbae
837 553 1112 599 seditionesque
1146 557 1183 587 et
1214 552 1413 587 certamina
1440 552 1612 587 intestina
1647 552 1879 596 exoriantur,
1917 550 1953 585 in

288 621 421 671 quibus
442 622 546 656 facile
580 621 660 656 ficri
695 621 828 668 possit,
864 626 902 656 ut
925 621 980 657 vir
1007 620 1184 655 factiosus
1219 625 1255 654 et
1288 619 1471 667 gratiosus
1499 620 1691 668 imperitae
1715 618 1954 655 multitudinis

285 689 408 723 favore
436 689 478 723 ad
507 688 698 736 imperium
730 689 917 724 evehatur.

450 757 569 791 Porro
597 756 657 791 alii
680 762 764 791 sunt
792 756 881 800 loci,
911 755 970 803 qui
1000 755 1181 791 civitatem
1213 768 1281 791 non
1310 755 1464 803 amplius
1492 754 1670 803 quietam,
1700 755 1764 790 sed
1790 753 1953 790 factioni-

285 822 351 857 bus
380 822 447 858 iam
477 823 745 871 discordiisque
769 823 950 858 intestinis
980 824 1227 870 perturbatam
1257 823 1466 859 ostendunt.
1510 823 1637 858 Monet
1653 823 1747 858 enim
1764 821 1953 870 Theognis

285 888 458 934 amicum,
483 897 522 926 ut
544 891 578 926 in
599 891 654 926 his
676 890 870 926 discordiis
895 891 1014 926 neutri
1034 891 1127 938 parti
1150 904 1190 926 se
1213 891 1403 938 adiungat,
1433 891 1498 926 sed
1525 890 1678 926 mediam
1703 890 1794 926 viam
1818 895 1954 927 teneat.

286 968 317 990 v.
336 956 419 991 331.
436 958 490 993 2:

700 972 840 1013 ἥσυχος,
863 971 966 1015 ‹resurr-<9
988 975 1066 1016 ἐγώ,
1088 976 1214 1016 ΔΜέσσην
1235 974 1309 1007 ὁδὸν
1333 973 1423 1016 ’ἔρχεο
1446 975 1579 1015 ποσσίν,

782 1031 850 1072 μηδ’
876 1033 1003 1073 ἑτέροισι
1024 1033 1146 1072 διδούς,
1169 1033 1284 1074 Κύρνε,
1307 1034 1345 1065 τὰ
1369 1034 1430 1065 τῶν
1452 1033 1572 1074 ἑτέρων.

284 1097 318 1131 h.
342 1111 373 1133 e.
404 1100 473 1134 noli
510 1112 577 1135 nec
612 1100 726 1147 plebis
751 1100 808 1135 ius
838 1112 878 1133 ac
907 1100 1110 1136 libertatem
1141 1103 1183 1137 ab
1217 1101 1451 1149 optimatibus
1482 1102 1658 1149 opprimi,
1699 1114 1767 1137 nec
1791 1102 1952 1144 debitam

284 1165 515 1212 optimatibus
541 1167 793 1203 auctoritatem
822 1180 841 1202 a
868 1168 1104 1215 popularibus
1131 1169 1235 1217 eripi.
1290 1169 1381 1205 Item
1408 1182 1440 1204 v.
1463 1169 1547 1205 220.
1572 1170 1612 1205 1:

695 1250 792 1291 μηδὲν
821 1248 911 1292 ἄγαν
940 1248 1087 1291 dexans
1116 1253 1367 1294 ταρασσομένων
1393 1255 1577 1294 πολιητέων,

779 1310 896 1350 Κύρνε,
917 1309 1018 1350 μέσην
1042 1309 1168 1352 δ’ἕρχου
1190 1312 1271 1350 τήνδ’
1295 1311 1369 1344 ὁδὸν
1391 1310 1494 1353 ὥσπερ
1517 1313 1591 1353 ἐγώ.

283 1393 339 1427 Ad
362 1393 457 1428 idem
486 1402 630 1442 teinpus
660 1395 846 1442 pertinere
871 1402 958 1443 puto
984 1396 1091 1431 etiam
1119 1397 1186 1431 hos
1212 1410 1359 1442 versus,
1386 1397 1446 1445 qui
1470 1397 1504 1432 in
1527 1398 1735 1435 huiusmodi
1757 1400 1951 1436 discordiis

281 1459 367 1495 nihil
396 1462 589 1509 optabilius
618 1475 700 1498 esse
729 1463 848 1508 aiunt,
890 1476 994 1510 quam
1024 1470 1062 1499 ut
1086 1476 1178 1500 unus
1201 1464 1406 1500 inveniatur
1434 1465 1488 1500 vir
1516 1467 1671 1513 probus,
1708 1467 1765 1503 cui
1789 1469 1883 1504 fides
1908 1470 1952 1505 ab

281 1528 446 1564 omnibus
474 1530 669 1575 habeatur,
696 1531 756 1565 77.
779 1531 846 1566 78:

697 1606 809 1643 Πιστὸς
831 1606 911 1647 ἀνὴρ
933 1608 1061 1647 χρυσοῦ
1084 1622 1113 1638 τε
1137 1607 1192 1639 καὶ
1215 1608 1359 1650 ἀργύρου
1376 1610 1618 1651 ἀντερύσασξται

781 1662 869 1706 ἄξιος
891 1666 923 1696 ἑυ
944 1667 1085 1707 χαλεπῇ,
1108 1666 1224 1708 Κύρνε,
1252 1668 1450 1711 διχοστασίῃ.

282 1738 370 1773 Nam
396 1740 480 1775 nihil
505 1742 725 1788 probabilius
755 1749 828 1788 est,
855 1755 960 1791 quam
988 1744 1094 1778 talem
1119 1744 1302 1791 designari
1328 1748 1438 1780 πιστὸν
1459 1746 1578 1791 ἄνδρα,
1603 1746 1660 1783 cui
1677 1751 1951 1796 componendae

281 1805 487 1842 discordiae
522 1809 846 1858 restituendaeque
885 1811 983 1858 pacis
1023 1812 1207 1859 negotium
1245 1813 1287 1847 ab
1319 1820 1474 1861 utraque
1506 1822 1610 1862 parte
1646 1822 1798 1864 propter
1826 1830 1950 1865 parem

281 1874 375 1919 apud
405 1888 529 1911 omnes
558 1877 666 1914 fidem
695 1885 797 1914 recte
829 1878 1003 1914 committi
1034 1879 1508 1930 possim-quemadmodum
1535 1895 1604 1918 non
1629 1883 1689 1919 diu
1717 1891 1800 1920 ante
1829 1887 1952 1923 Theo—

280 1940 397 1986 gnidis
434 1950 586 1979 aetatem
622 1946 777 1981 Athenis
811 1947 944 1981 factum
982 1953 1078 1991 erat,
1120 1960 1229 1994 quum
1267 1948 1441 1984 distracta
1477 1951 1657 1987 diuturnis
1693 1953 1951 1990 certaminibus

282 2008 425 2044 civitate
456 2012 611 2047 omnium
649 2026 830 2049 consensu
865 2014 1039 2061 optimum
1073 2014 1187 2050 visum
1224 2021 1281 2050 est
1307 2017 1364 2051 ἵνα
1387 2022 1565 2061 προστάτην
1587 2019 1693 2064 ἄνδρα
1716 2024 1874 2066 πιστόν,
1912 2030 1952 2059 ut

284 2076 500 2113 Plutum-hus
529 2079 592 2123 ait,
621 2080 696 2115 Sol.
719 2094 749 2115 c.
774 2082 838 2125 13,
864 2081 917 2116 rei
946 2072 1114 2129 publicae
1142 2095 1391 2130 praeponere,
1418 2084 1478 2131 qui
1505 2086 1692 2121 turbarum
1724 2100 1853 2125 causas
1885 2092 1950 2127 tol⁴

284 2143 385 2177 loa-vt.
441 2145 629 2194 Similique
659 2148 810 2183 consilio
846 2149 953 2184 etiam
985 2149 1018 2183 in
1055 2150 1133 2185 aliis
1173 2150 1377 2187 civitatibus
1413 2153 1662 2200 compluribus
1696 2167 1950 2206 nonnunquam

283 2211 413 2245 sactum
443 2225 523 2247 esse
546 2221 705 2258 constat,
735 2221 773 2250 ut
796 2216 951 2262 partium
980 2229 1161 2252 consensu
1189 2218 1247 2253 uni
1278 2219 1374 2263 viro,
1412 2219 1515 2254 cuius
1546 2222 1714 2267 probitati
1744 2230 1779 2258 et
1809 2227 1951 2273 sapien-

282 2277 352 2311 tiae
381 2291 504 2314 omnes
530 2281 775 2327 confiderent,
810 2284 1098 2319 extraordinaria
1132 2285 1308 2332 quaedam
1338 2292 1500 2333 potestas
1530 2289 1584 2322 vel
1620 2288 1654 2324 in
1690 2296 1833 2339 tempus
1863 2295 1950 2331 defi-

284 2344 394 2381 nitum
425 2347 480 2381 vel
502 2348 619 2393 quoad
645 2348 784 2385 viveret
804 2351 1013 2386 traderetur
1034 2352 1078 2387 ad
1100 2352 1339 2389 ordinandum
1362 2354 1693 2404 corrigendumque
1709 2359 1762 2394 rei
1782 2363 1949 2407 publicae

448 2511 493 2544 10)
516 2511 556 2539 Cr.
578 2512 641 2540 Eur.
662 2513 757 2547 Suppl.
778 2521 804 2541 v.
825 2514 889 2541 234.
