2169 2854
1065 213 1133 253 19

265 320 461 359 numerus3
489 316 614 363 plures
644 324 738 364 sunt,
767 320 812 356 de
841 323 970 369 quibus
998 326 1127 373 ambigi
1156 327 1290 374 possit3
1320 340 1390 364 non
1418 329 1525 376 pauci
1549 335 1680 374 autem,
1709 331 1769 378 qui
1797 343 1922 367 sanum

263 384 398 423 poetae
425 381 600 419 iudicium
624 385 791 432 prodant,
814 400 886 424 non
908 391 1162 428 confundentis
1180 406 1320 430 morum
1345 395 1560 442 probitatem
1581 408 1662 431 cum
1688 398 1834 444 generis
1862 410 1923 433 no-

263 444 421 493 bilitate,
448 461 516 485 nec
539 450 727 487 diffitentis
756 467 865 501 posse
897 457 1004 493 etiam
1034 459 1173 495 nobiles
1208 460 1406 508 improbos,
1436 462 1612 509 ignobiles
1638 469 1758 498 autem
1786 465 1921 511 probos

262 517 298 546 et
325 512 464 551 honore
492 517 620 565 dignos
644 531 739 564 esse,
769 522 966 568 pessimum
991 531 1110 561 autem
1134 527 1188 562 rei
1214 529 1381 575 publicae
1409 534 1540 564 statum
1571 541 1651 564 eum
1674 542 1768 574 esse,
1790 530 1825 565 in
1850 543 1919 578 quo

262 581 470 625 pecuniosis
498 584 716 631 hominibus,
745 588 976 635 (argentariis
1000 599 1099 639 puta,
1122 594 1408 641 negotiatoribus
1432 595 1584 643 aliisque
1610 596 1645 631 id
1670 598 1813 644 genus),
1838 598 1918 644 plus

261 658 365 692 quam
395 648 520 686 virtuti
537 651 694 687 honoris
723 660 758 689 et
787 657 1012 693 auctoritatis
1037 659 1226 696 tribuatur.
1273 663 1357 697 Hac
1385 670 1504 697 mente
1529 663 1689 708 Plutum,
1712 663 1916 699 divitiarum

261 712 382 758 deum,
408 716 603 765 alloquitur
627 732 706 755 cum
733 723 863 757 acerba
888 724 1144 772 indignatione,
1174 740 1205 763 v.
1225 729 1333 764 1117.
1360 729 1424 765 18ε

674 797 802 836 Πλοῦτε,
827 798 910 832 aasz*
934 799 1082 830 κάλλιστε
1105 801 1159 832 καὶ
1173 803 1379 843 ἅλιιεροέστατε
1400 804 1544 843 πάντων,

758 868 821 886 συν
843 856 892 887 σοὶ
917 857 971 888 καὶ
993 858 1095 894 κακὸς
1118 856 1162 890 ὧν
1184 860 1327 901 γίγνεται
1351 861 1466 898 ἑσῒελὸς
1487 862 1576 903 ἀνήρ.

258 916 495 965 increpatque
526 921 621 968 vulgi
647 922 863 970 imperitiam
894 924 1037 960 divitias
1066 927 1220 962 maxime
1248 928 1485 965 honorantem
1512 941 1543 964 v·
1562 930 1645 964 (321.
1673 931 1712 965 2:

674 997 741 1033 Πᾶς
766 1012 807 1034 ,Ἲς
830 998 982 1030 πλούσιον
1002 996 1105 1040 ά’1.’δρα
1126 1001 1188 1041 τίει,
1211 1002 1285 1034 ἀτιέι
1306 1002 1337 1034 δὲ
1360 1004 1516 1044 πενιχράν.

756 1057 855 1088 πᾶσιν
879 1057 1086 1098 δ’ἁιῇρώποις
1107 1058 1202 1096 αὐτὸς
1222 1058 1319 1092 &vem-1
1345 1061 1427 1097 νόος.

256 1119 303 1155 Et
334 1133 437 1167 quam
469 1122 573 1170 longe
603 1123 697 1158 absit
730 1125 773 1159 ab
808 1137 932 1160 eorum
961 1126 1220 1173 perversitate,
1248 1129 1308 1176 qui
1335 1129 1433 1164 viros
1465 1130 1577 1164 bonos
1605 1130 1722 1165 nullos
1750 1130 1817 1165 nisi
1849 1137 1909 1165 aut

254 1187 384 1223 divites
409 1196 470 1224 aut
493 1201 693 1236 generosos
720 1192 844 1227 haberi
868 1193 992 1238 velint,
1018 1194 1258 1230 disertissime
1285 1201 1442 1230 testatur
1466 1208 1497 1230 v.
1518 1195 1599 1231 148.
1624 1196 1665 1231 9:

667 1257 721 1288 ‘Er
746 1257 777 1289 δὲ
801 1260 989 1301 δικαιοσύνῃ
1011 1260 1189 1301 συλλῖβδην
1212 1261 1283 1292 πᾶοῙ
1308 1260 1398 1301 (Egerii
1419 1261 1516 1301 Bru),

754 1317 815 1351 πᾶς
833 1317 870 1347 δέ
889 1317 908 1347 τ’
935 1317 1014 1358 ἀνὴρ
1035 1318 1179 1359 ἁγαθός,
1208 1318 1323 1360 Riguus,
1348 1318 1468 1355 δίκαιος
1489 1319 1556 1350 ἐών.

415 1387 532 1423 Recte
555 1387 665 1435 igitur
691 1387 943 1435 Theognidem
971 1400 1041 1424 non
1068 1395 1139 1424 tam
1163 1389 1379 1437 oligarchiae
1406 1391 1581 1426 fautorem
1607 1391 1720 1427 fuisse
1744 1391 1906 1426 dicemus

252 1466 357 1501 quam
383 1454 652 1499 aristocratiae,
687 1454 715 1489 si
749 1454 894 1501 quidem
920 1455 1127 1491 Aristotelis
1161 1457 1328 1504 exemplo
1362 1457 1591 1504 oligarchiam
1622 1470 1791 1493 vocamus
1822 1470 1904 1493 eum

252 1521 407 1556 civitatis
435 1527 584 1565 statum,
613 1521 672 1556 ubi
702 1521 807 1569 pauci
832 1522 970 1557 nobiles
997 1527 1059 1557 aut
1083 1522 1272 1569 pecuniosi
1300 1536 1375 1558 rem
1398 1523 1576 1570 publicam
1602 1530 1767 1571 tanquam
1803 1536 1903 1560 suam

250 1594 406 1623 tractant
426 1588 590 1635 neglecta
611 1588 692 1623 boni
710 1588 846 1636 publici
870 1601 968 1633 cura,
995 1588 1255 1625 aristocratiam
1278 1597 1414 1635 contra,
1443 1590 1502 1626 ubi
1525 1591 1676 1626 delectis
1692 1590 1903 1639 quibusdam

250 1663 402 1702 propter
420 1655 634 1702 probitatem
663 1660 699 1690 et
720 1655 948 1702 prudentiam
974 1655 1060 1690 viris
1084 1656 1137 1691 rei
1160 1657 1324 1703 publicae
1347 1656 1607 1693 administratio
1636 1657 1813 1705 permissa
1835 1662 1900 1692 est.

250 1721 300 1758 Et
327 1722 516 1770 Theognis
545 1721 691 1769 quidem
719 1723 809 1757 tales
840 1723 948 1766 viros,
975 1735 1065 1769 quos
1088 1735 1156 1758 non
1186 1724 1316 1758 multos
1346 1723 1380 1758 in
1410 1724 1504 1759 omni
1531 1725 1665 1771 populo
1693 1737 1775 1760 esse
1798 1724 1900 1759 intel-

250 1789 402 1837 ligebat,
430 1790 554 1837 plures
579 1795 699 1826 tamen
726 1789 820 1824 inter
844 1789 982 1825 nobiles
1011 1802 1115 1837 quam
1144 1790 1239 1836 apud
1265 1791 1405 1837 plebem
1428 1790 1580 1827 inveniri
1610 1792 1776 1836 credidit,
1806 1804 1898 1827 eam-

250 1869 320 1904 que
348 1858 392 1892 ob
417 1868 561 1892 causam
591 1856 791 1904 exaequari
814 1857 919 1904 plane
949 1856 1139 1903 utriusque
1155 1856 1292 1891 ordinis
1316 1856 1395 1892 iura
1419 1857 1549 1893 noluit:
1577 1857 1612 1893 in
1640 1871 1710 1905 quo
1726 1871 1898 1894 verumne

249 1923 383 1959 viderit
410 1936 453 1958 an
482 1923 660 1959 erraverit
686 1935 758 1958 non
786 1936 877 1971 opus
906 1928 962 1959 est,
988 1923 1058 1959 hoc
1086 1924 1165 1959 loco
1191 1923 1378 1970 disputari.
1440 1924 1567 1971 Neque
1596 1925 1688 1960 enim
1720 1925 1898 1972 discepta-

250 1991 339 2027 toris
362 1997 422 2026 aut
451 1991 575 2026 arbitri
605 1990 669 2025 sed
699 1990 911 2037 interpretis
940 2002 1130 2038 personam
1167 1991 1407 2038 suscepimus.
1466 1991 1552 2027 Hoc
1586 1998 1703 2027 tamen
1733 1992 1896 2040 profiteri

249 2058 354 2103 libet,
387 2070 456 2093 non
497 2057 608 2105 magis
643 2069 708 2092 nos
743 2069 847 2104 quam
881 2069 1095 2105 quemquam
1128 2056 1360 2092 mediocriter
1395 2057 1500 2092 modo
1533 2059 1704 2094 historiae
1739 2059 1893 2106 peritum

249 2126 381 2169 latere,
411 2137 515 2172 quam
550 2136 633 2160 raro
662 2136 770 2171 quum
795 2125 891 2171 apud
926 2124 1016 2159 alios
1051 2130 1125 2159 tum
1164 2123 1258 2171 apud
1285 2123 1452 2160 Graecos
1476 2137 1561 2159 vera
1584 2125 1642 2160 illa
1671 2126 1894 2161 aristocratia

248 2192 410 2227 existere
442 2199 495 2236 et,
540 2191 570 2227 si
604 2191 747 2238 quando
783 2191 983 2235 extitisset,
1019 2190 1227 2226 conservari
1260 2190 1321 2225 diu
1350 2191 1520 2238 potuerit.
1575 2192 1663 2227 Nam
1691 2193 1785 2239 quod
1814 2199 1895 2240 post

245 2271 397 2307 regnum
417 2258 586 2294 abolitum
610 2258 743 2305 ubique
765 2257 943 2293 successit
957 2269 1154 2304 paucorum
1179 2256 1383 2303 imperium,
1399 2257 1559 2304 quamvis
1582 2258 1682 2293 initio
1704 2260 1835 2294 iustum
1859 2256 1903 2294 ets

246 2326 300 2362 rei
329 2325 496 2373 publicae
522 2326 684 2367 salubre,
714 2338 797 2361 mox
824 2331 941 2360 tamen
974 2324 1218 2370 degenerasse
1254 2323 1346 2357 etin
1375 2323 1603 2370 oligarchiam
1633 2325 1891 2360 intolerabilem

245 2393 377 2429 abiisse
393 2393 571 2437 videmus,
597 2404 689 2440 quae
711 2405 819 2439 quum
836 2403 964 2426 eversa
991 2395 1089 2425 esset
1106 2390 1302 2437 populique
1328 2390 1474 2425 libertas
1493 2390 1680 2435 vindicata,
1704 2392 1792 2427 baec
1807 2405 1892 2438 quo-

246 2474 329 2509 que,
358 2461 443 2497 licet
467 2459 658 2507 aliquando
675 2471 782 2495 verae
806 2458 1056 2494 aristocratiae
1069 2459 1220 2501 faveret,
1246 2457 1348 2492 nimis
1371 2464 1486 2491 tamen
1514 2457 1584 2492 cito
1601 2466 1768 2505 corrupta
1795 2466 1829 2493 et
1857 2459 1890 2493 in
