2169 2854
244 918 305 979 In
335 942 524 990 prooemio
552 942 770 990 theogoniae
799 942 1010 987 Hesiodus,
1047 942 1121 978 sive
1147 943 1227 990 quis
1256 942 1348 978 alius
1374 942 1442 978 fuit
1474 942 1581 978 huius
1609 944 1787 990 prooemii
1813 958 1908 981 com-

243 1010 395 1057 positor,
418 1010 545 1046 Musas
570 1010 668 1058 ipsas
689 1009 905 1058 profitentes
934 1010 1093 1055 inducit,
1122 1011 1253 1045 multas
1279 1022 1298 1045 a
1321 1023 1362 1046 se
1387 1022 1448 1046 res
1474 1022 1545 1046 non
1569 1023 1688 1056 veras,
1716 1013 1782 1048 sed
1804 1013 1908 1049 fictas

242 1084 278 1113 et
304 1078 578 1113 commenticias
605 1077 720 1113 tradi:
748 1089 853 1125 quam
877 1077 1145 1125 professionem
1174 1077 1260 1112 licet
1281 1082 1390 1125 poeta
1417 1077 1496 1113 sine
1519 1078 1630 1114 dubio
1654 1079 1699 1114 ad
1724 1080 1908 1116 fabulosas

242 1144 472 1192 potissimum
502 1145 547 1180 de
580 1145 636 1180 dis
666 1145 852 1192 rebusque
877 1144 1009 1180 divinis
1038 1144 1265 1180 narrationes
1295 1145 1483 1192 pertinere
1510 1146 1685 1191 voluerit,
1720 1148 1845 1195 quales
1872 1149 1907 1184 in

240 1212 436 1260 theogonia
461 1218 557 1257 sunt,
585 1224 651 1248 nos
671 1218 792 1248 tamen
820 1224 891 1248 non
914 1212 1096 1248 immerito
1120 1212 1228 1248 etiam
1257 1212 1363 1248 latius
1388 1212 1570 1260 aliquanto
1585 1218 1713 1260 patere
1730 1214 1906 1252 dicemus.

240 1279 351 1324 Nam,
384 1280 415 1315 si
443 1280 486 1315 ab
524 1279 605 1315 unis
637 1279 795 1315 sortasse
824 1280 1088 1316 mathematicis
1116 1279 1336 1316 discesseris
1368 1280 1545 1316 scientiae
1573 1293 1662 1317 suae
1687 1282 1907 1319 certitudine

237 1346 489 1394 gloriantibus,
518 1347 633 1383 ceteri
660 1347 807 1395 quidem
829 1359 967 1393 omnes,
993 1347 1054 1395 qui
1082 1347 1116 1383 in
1133 1347 1324 1383 Musarum
1349 1347 1487 1383 artibus
1512 1360 1714 1394 versamur,
1742 1349 1906 1386 veritatis

238 1409 484 1463 cognitionem
519 1415 629 1451 nimio
662 1414 810 1463 saepius
844 1415 966 1450 multis
994 1415 1208 1463 magnisque
1241 1414 1519 1451 difficultatibus
1553 1416 1657 1452 nobis
1693 1418 1904 1465 obsaeptam

238 1495 321 1518 esse
350 1482 529 1527 videmus,
556 1482 633 1518 sive
658 1482 738 1530 ipsa
767 1495 891 1518 rerum
920 1487 1049 1518 natura
1078 1487 1223 1530 captum
1249 1482 1445 1518 humanum
1472 1483 1648 1531 fugiente,
1675 1483 1752 1520 sive
1781 1484 1905 1520 defici—

236 1550 380 1585 entibus
410 1550 521 1585 certis
548 1550 643 1586 notis
672 1554 780 1597 atque
804 1548 947 1585 indiciis
973 1550 1018 1585 ad
1041 1549 1295 1586 inveniendam
1324 1550 1688 1599 cognoscendamque
1714 1551 1904 1588 veritatem

237 1617 471 1652 necessariis.
516 1618 638 1664 Atque
670 1617 739 1652 hoc
768 1616 915 1664 quidem
949 1616 992 1652 iis
1021 1616 1250 1664 potissimum
1279 1629 1547 1665 saepenumero
1575 1619 1803 1665 querendum
1835 1626 1902 1665 est,

235 1685 295 1732 qui
324 1684 498 1720 historiae
529 1696 677 1732 operam
709 1685 814 1729 dant,
847 1684 881 1720 in
910 1696 981 1731 quo
1009 1684 1149 1729 studio,
1178 1692 1217 1720 ut
1243 1685 1397 1732 quisque
1426 1691 1482 1720 est
1514 1685 1678 1721 veritatis
1711 1687 1902 1734 cupidissi-

236 1765 335 1796 mus,
369 1752 416 1787 ita
444 1751 648 1800 aegerrime
676 1751 755 1787 eius
783 1751 1022 1787 inveniendae
1051 1758 1187 1787 certam
1217 1751 1308 1787 viam
1337 1752 1404 1788 sibi
1434 1752 1667 1788 interclusam
1701 1766 1785 1790 esse
1819 1756 1901 1800 fert,

237 1820 332 1855 unde
362 1819 442 1854 fieri
474 1819 586 1863 solet,
619 1825 658 1854 ut
685 1818 864 1866 ingeniosi
892 1819 1077 1864 homines,
1113 1831 1219 1867 quam
1254 1820 1399 1867 assequi
1434 1820 1549 1868 ipsam
1584 1827 1786 1868 nequeant,
1823 1823 1901 1858 eius

234 1887 397 1934 speciem
424 1886 551 1921 saltem
578 1885 756 1933 quandam
778 1885 874 1921 haud
902 1885 1176 1933 improbabilem
1194 1894 1465 1923 consectentur.
1521 1888 1583 1924 Sic
1608 1888 1719 1936 igitur
1744 1889 1780 1924 in
1804 1890 1901 1925 omni

233 1955 385 1990 historia
412 1954 592 2001 permulta
627 1953 822 2001 opinabilia
850 1960 887 1988 et
921 1954 1174 1989 commenticia
1198 1955 1296 1990 veris
1326 1961 1363 1991 et
1390 1955 1588 2003 compertis
1615 1955 1775 1992 admixta
1803 1964 1899 2002 sunt,

235 2034 352 2069 neque
381 2021 476 2057 iusto
505 2021 672 2056 severius
697 2033 760 2056 eos
787 2021 970 2056 iudicasse
999 2021 1222 2067 dixerimus,
1255 2023 1315 2070 qui
1344 2035 1414 2058 non
1441 2023 1623 2059 minimam
1652 2023 1731 2059 eius
1757 2031 1897 2071 partem

233 2089 415 2137 figmentis
442 2095 610 2123 constare
641 2088 932 2135 pronuntiarunt,
957 2088 991 2123 in
1020 2089 1149 2136 quibus
1178 2089 1416 2136 acquiescere
1446 2090 1612 2125 homines
1645 2091 1899 2127 consenserint

235 2158 346 2192 verbo
388 2157 483 2203 apud
519 2157 629 2191 Italos
665 2156 895 2202 frequentato
931 2168 971 2190 se
1009 2157 1258 2191 consolantes:
1309 2170 1356 2192 se
1399 2169 1483 2192 non
1526 2157 1544 2192 ὸ
1587 2170 1715 2202 vero,
1758 2158 1777 2192 e
1817 2159 1897 2194 ben

234 2230 427 2259 trovato.

398 2290 522 2326 Huius
550 2290 650 2325 verbi
689 2301 753 2324 nos
782 2301 891 2336 quum
920 2288 1007 2323 alias
1042 2301 1329 2336 saepenumero,
1367 2297 1441 2326 tum
1472 2291 1526 2327 his
1561 2291 1738 2339 proximis
1767 2292 1895 2327 diebus

233 2357 406 2393 admoniti
434 2369 578 2401 sumus,
609 2369 717 2404 quum
754 2357 799 2391 ad
834 2355 1050 2403 relegendas
1080 2356 1308 2404 Theognidis
1340 2357 1512 2405 reliquias
1547 2359 1738 2406 variasque
1774 2359 1820 2394 de
1852 2360 1895 2394 iis

231 2426 391 2460 virorum
421 2425 612 2459 doctorum
643 2424 842 2459 sententias
870 2424 1188 2471 recognoscendas
1216 2437 1486 2461 revocaremur.
1543 2426 1632 2461 Nam
1663 2425 1749 2461 nihil
1782 2425 1817 2461 in
1849 2426 1893 2461 iis

230 2493 317 2528 satis
343 2498 481 2528 eertum
508 2504 591 2528 esse
620 2491 879 2536 intelleximus,
908 2490 974 2525 nisi
1005 2491 1072 2526 hoc
1098 2503 1219 2536 unum,
1249 2493 1343 2539 quod
1368 2493 1599 2538 Welckerus,
1628 2493 1682 2528 vir
1709 2493 1755 2528 de
1783 2493 1890 2529 inter-

1653 2565 1683 2586 1,
