2169 2854
1064 239 1145 280 20

271 356 450 392 licentiam
480 368 657 391 conversa
687 360 762 398 est,
799 360 838 389 nt
872 366 918 389 ex
947 353 1173 388 democratia
1203 351 1427 388 ochlocratia
1463 351 1652 387 existeret.
1712 347 1942 387 Intellectum

271 431 389 460 autem
420 424 527 459 etiam
557 435 576 457 a
605 417 783 467 Graecis,
813 434 882 457 zion
911 420 1058 468 quidem
1085 421 1128 456 ab
1154 420 1341 463 omnibus,
1373 418 1439 454 sed
1472 419 1516 453 ab
1547 418 1591 454 iis
1620 425 1740 463 certe,
1769 417 1829 465 qui
1865 418 1944 464 plus

273 496 380 540 quam‘
400 491 529 537 vulgus
554 495 739 538 saperent,
765 487 1067 525 conversionibus
1093 487 1163 522 illis
1179 492 1216 522 et
1238 486 1534 534 corruptionibus
1556 499 1679 522 rerum
1706 486 1947 534 publicarum,

272 559 400 607 quibus
426 559 524 593 nullo
548 570 618 593 non
645 564 814 605 tempore
829 555 997 591 civitates
1018 567 1104 590 suas
1126 554 1264 590 turbari
1292 560 1330 589 et
1356 554 1511 589 lacerari
1527 553 1709 597 videbant,
1740 552 1944 588 remedium

272 626 412 674 sperari
437 638 507 660 non
538 637 646 672 posse
676 624 744 659 nisi
773 624 803 659 si
828 631 929 659 esset
955 623 991 658 in
1020 622 1064 657 iis
1093 621 1207 657 maior
1243 621 1421 669 quaedam
1459 626 1621 668 potestas
1656 621 1808 668 regalis,
1851 632 1943 668 quae

274 695 328 730 vel
360 705 559 741 paucorum
586 692 795 739 superbiam
823 698 859 726 et
892 689 1119 726 insolentiam
1153 690 1209 725 vel
1244 689 1484 725 multitudinis
1521 688 1764 724 temeritatem
1800 695 1836 723 et
1875 688 1941 723 las⁴

274 762 401 797 civiam
431 766 637 804 coerceret,
666 766 702 794 et
730 771 836 794 suum
865 758 998 806 cuique
1026 757 1220 792 tribuendo
1249 757 1304 792 ius
1333 756 1493 792 omnium
1523 768 1564 792 ac
1589 757 1792 792 libertatem
1823 762 1944 791 tuere—

273 837 350 865 tur:
378 829 520 876 qualem
551 832 768 874 potestatem
796 839 905 873 quum
934 831 1131 873 respueret
1160 824 1392 861 Graecorum
1427 824 1630 872 ingenium,
1666 836 1737 859 non
1770 823 1878 859 modo
1906 823 1945 858 li-

274 900 451 933 bertatem
480 895 545 930 sed
574 906 658 929 mox
685 906 730 929 ne
751 893 915 941 speciem
945 893 1091 940 quidem
1119 891 1296 927 libertatis
1314 903 1536 928 conservare
1564 896 1775 938 potuerunt.

438 962 692 998 Praedicanda
722 961 831 1008 igitur
861 967 917 996 est
948 973 1075 996 eorum
1107 960 1326 1008 populorum
1360 960 1525 1005 fortuna,
1561 959 1692 1007 quibus
1729 957 1880 1005 contigit
1908 963 1947 992 ut

274 1033 477 1068 libertatem
507 1030 685 1065 haberent
714 1029 796 1065 boni
820 1041 861 1063 ac
889 1028 975 1064 iusti
996 1028 1094 1075 regis
1122 1032 1304 1074 potestate
1331 1032 1444 1063 tutam
1476 1033 1584 1074 atque
1610 1025 1802 1061 munitam:
1826 1031 1947 1073 gratu-

274 1099 418 1134 landum
447 1098 554 1132 etiam
581 1103 705 1132 nostro
734 1096 882 1143 populo,
911 1096 969 1131 cui
996 1095 1079 1131 boni
1106 1108 1148 1130 ac
1171 1094 1257 1130 iusti
1284 1107 1392 1143 reges
1420 1107 1539 1142 neque
1558 1093 1751 1141 superiore
1780 1102 1946 1140 tempore

275 1179 393 1213 neque
419 1166 486 1200 hac
513 1170 636 1200 nostra
665 1169 784 1198 aetate
806 1163 1016 1208 defuerunt,
1045 1168 1081 1198 et
1107 1163 1142 1198 in
1175 1175 1247 1210 quo
1277 1175 1372 1198 nunc
1400 1162 1520 1210 ipsum
1551 1161 1688 1210 optimo
1714 1160 1824 1208 Regi,
1853 1159 1945 1207 patri

275 1234 426 1281 patriae,
456 1232 560 1268 cuius
595 1243 713 1279 nuper
748 1236 900 1266 mortem
936 1230 1174 1275 deflevimus,
1213 1230 1441 1266 successisse
1479 1230 1628 1265 fratrem
1666 1228 1831 1264 videmus
1876 1239 1946 1262 non

276 1302 415 1337 minore
443 1300 577 1335 virtute
608 1299 708 1346 regia
735 1305 915 1343 ornatum,
940 1298 1105 1333 veritatis
1134 1304 1171 1334 et
1197 1297 1358 1334 iustitiae
1386 1303 1578 1343 amantem,
1607 1297 1773 1332 sincerae
1801 1295 1947 1343 pietatis

276 1371 467 1412 cultorem,
497 1367 642 1402 fucatae
667 1365 908 1401 simulationis
936 1365 1140 1410 inimicum,
1168 1371 1205 1400 et
1231 1365 1300 1400 iam
1330 1364 1466 1401 dudum
1492 1366 1559 1400 sub
1586 1364 1709 1400 fratris
1737 1376 1850 1412 regno
1876 1375 1946 1398 non

275 1437 393 1472 minus
426 1434 603 1483 sapientia
633 1446 739 1481 quam
777 1433 991 1469 fortitudine
1023 1433 1058 1468 in
1093 1433 1287 1468 multarum
1317 1444 1600 1480 magnarumque
1625 1444 1748 1468 rerum
1777 1431 1835 1467 vel
1863 1430 1945 1471 civi-

275 1505 361 1540 lium
391 1504 447 1539 vel
481 1502 687 1538 militarium
714 1500 1026 1536 administratione
1058 1499 1206 1547 egregie
1234 1505 1451 1547 spectatum.
1496 1500 1663 1548 Tempus
1690 1505 1811 1535 autem
1840 1498 1948 1534 huius

275 1570 527 1620 gratulationis
559 1582 630 1605 non
668 1568 776 1604 modo
805 1568 971 1616 privatim
1001 1580 1020 1603 a
1047 1567 1198 1615 singulis
1231 1567 1297 1602 sed
1333 1568 1477 1615 publice
1507 1569 1549 1603 ab
1578 1567 1744 1602 omnibus
1771 1579 1947 1615 peragen-

275 1641 344 1676 dae
373 1640 507 1674 nullum
538 1637 656 1685 aptius
688 1637 882 1681 habemus,
916 1648 1021 1684 quam
1055 1635 1150 1670 diem
1177 1634 1318 1682 Regis
1350 1636 1524 1680 natalem,
1556 1648 1627 1682 quo
1653 1635 1712 1670 die
1737 1647 1840 1671 sacra
1869 1635 1947 1670 eius

277 1707 455 1751 natalicia,
485 1706 601 1753 prima
626 1711 709 1752 post
737 1704 818 1741 noxi
844 1704 946 1752 regni
971 1703 1133 1746 initium,
1162 1702 1381 1738 universitas
1409 1708 1533 1738 nostra
1560 1702 1724 1738 sollemni
1753 1702 1824 1737 ritu
1853 1702 1946 1736 cele-

277 1778 423 1811 bratura
452 1780 519 1809 est.
584 1768 587 1769 ⁷

439 1842 554 1890 {gitur
583 1841 626 1876 ad
662 1841 752 1875 haec
782 1840 922 1888 Regis
960 1839 1295 1886 Angustissimi
1330 1838 1554 1875 Guilelmi
1584 1838 1612 1873 1.
1647 1849 1751 1873 sacra
1781 1837 1948 1872 natalicia

277 1911 335 1946 die
365 1910 541 1953 crastino,
579 1909 612 1943 d.
641 1908 763 1944 xxii.
790 1908 824 1942 h.
851 1921 915 1950 m.,
946 1907 1035 1942 hora
1059 1905 1114 1941 XI
1144 1906 1205 1954 pie
1234 1906 1524 1942 concelebranda
1556 1917 1701 1950 omnes,
1738 1904 1946 1952 quicunque

276 1979 414 2026 pariter
443 1977 629 2012 nobiscum
665 1975 810 2011 animati
840 1982 941 2017 sunt,
975 1973 1206 2021 magistratus
1233 1973 1355 2022 regios
1389 1980 1425 2009 et
1450 1973 1614 2018 urbicos,
1642 1973 1767 2008 civiles
1796 1980 1832 2007 et
1859 1971 1945 2007 mili-

276 2052 393 2089 tares,
419 2056 618 2091 omnesque
647 2043 805 2078 omnium
834 2042 1001 2078 ordinum
1029 2041 1127 2077 cives
1151 2046 1260 2089 atque
1288 2041 1451 2088 hospites
1486 2053 1557 2088 qua
1582 2041 1690 2076 decet
1718 2040 1945 2076 observantia

277 2120 313 2148 et
341 2111 545 2148 reverentia
574 2110 778 2146 invitamus.

442 2198 624 2231 Dabamus
652 2194 976 2241 Gryphiswaldiae
1001 2194 1034 2228 d.
1062 2193 1164 2229 XXI.
1192 2194 1301 2228 Maru
1331 2192 1612 2228 MDCGCLXl.
