2169 2854
1044 217 1073 256 ἵ

225 331 391 379 Ctesiph.
414 343 446 378 p.
466 332 551 375 525,
580 336 636 372 τὰς
663 337 724 367 τῶν
756 337 889 375 ποιητῶν
918 337 1072 378 γυώμας,
1103 342 1172 365 non
1207 329 1349 376 integra
1378 329 1555 373 carmina,
1592 340 1611 363 a
1645 326 1770 375 pueris
1802 324 1892 361 disci

222 399 342 434 solere
370 398 430 433 ait.
475 399 596 446 Atque
620 397 772 445 puerilis
801 397 1041 433 institutionis
1059 409 1168 433 causa
1191 410 1275 433 mox
1303 396 1411 432 etiam
1439 395 1670 431 scenicorum
1688 399 1892 442 poetarum,

224 477 338 501 novae
365 464 543 512 imprimis
569 464 793 508 comoediae,
817 469 956 510 «γνώμας
984 471 1179 512 excerptas
1208 470 1244 499 et
1269 463 1397 500 ordine
1425 464 1641 511 plerumque
1665 460 1892 509 alphabetico

224 531 448 579 compositas
464 543 548 566 esse
566 530 743 575 videmus,
768 530 908 578 fuitque
927 531 1071 567 omnino
1088 531 1146 568 hic
1164 544 1242 567 mos
1266 544 1376 579 quum
1394 531 1488 578 apud
1508 530 1677 567 Graecos
1703 534 1779 564 tum
1798 528 1892 575 apud

224 600 408 635 Romanos
426 604 658 646 pervagatus,
678 597 786 633 etiam
810 610 853 633 ea
870 604 1001 643 aetate,
1024 612 1133 646 quum
1152 599 1233 635 libri
1258 599 1364 646 longe
1383 610 1489 645 quam
1507 597 1590 632 olim
1609 602 1737 644 paratu
1756 595 1891 630 facilio—

221 680 280 703 res
310 668 496 713 essent4).
547 667 668 702 Tanto
687 666 799 714 magis
828 666 937 714 igitur
960 667 1085 714 priore
1113 672 1244 711 aetate,
1273 665 1373 701 libris
1393 665 1593 700 rarioribus
1619 670 1655 699 et
1676 663 1891 705 carioribus,

221 735 407 783 provideri
431 734 570 779 debuit,
594 739 632 769 ut
653 733 772 781 pueri,
798 734 867 769 nisi
885 747 1037 782 prorsus
1061 734 1149 769 nihil
1175 734 1349 769 librorum
1367 733 1457 780 ipsis
1474 733 1509 767 in
1534 745 1659 767 manus
1677 732 1826 767 daretur
1850 751 1888 755 —

223 815 303 838 nam
320 802 356 837 id
379 814 524 850 quoque
548 813 804 849 nonnunquam
826 801 961 837 factum
987 814 1070 837 esse
1086 801 1266 845 audimus,
1283 823 1325 827 ——
1348 801 1474 836 saltem
1493 813 1561 836 non
1587 806 1660 835 tota
1677 811 1802 847 opera,
1825 797 1889 832 sed

222 877 418 917 excerptos
443 874 580 904 tantum
612 869 712 904 locos
742 874 778 903 et
805 869 841 903 in
869 868 1163 904 chrestomathiis
1197 868 1411 916 quibusdam
1439 868 1661 916 compositos
1696 866 1762 902 sibi
1795 878 1888 900 com—

220 949 350 985 parare
376 942 606 984 cogerentur.
661 936 712 972 Et
745 937 841 984 quod
878 936 913 972 in
946 936 1176 972 scenicorum
1206 936 1397 971 sententiis
1430 936 1592 971 collectis
1627 936 1758 970 sactum
1792 933 1885 968 vide-

220 1017 322 1048 mus,
352 1010 391 1039 ut
414 1003 586 1039 versiculi
609 1016 629 1038 e
657 1004 822 1051 pluribus
847 1004 1014 1051 excerpti
1043 1016 1169 1039 omnes
1195 1004 1238 1039 ab
1265 1003 1390 1048 unius,
1419 1004 1479 1050 qui
1502 1004 1674 1038 maiorem
1696 1013 1887 1037 numerum

220 1071 470 1119 praebuisset,
495 1071 638 1107 nomine
668 1071 861 1107 Menandri
889 1072 1161 1119 appellarentur
1180 1072 1234 1119 5),
1260 1071 1355 1106 idem
1377 1072 1483 1106 etiam
1505 1072 1539 1106 in
1562 1070 1733 1118 elegiacis
1753 1069 1888 1104 factum

221 1152 322 1183 esse,
354 1146 393 1174 ut
422 1139 649 1187 Theognidis
674 1139 888 1175 dicerentur
912 1152 1065 1187 quorum
1091 1139 1205 1174 maior
1231 1145 1368 1174 tantum
1394 1151 1477 1186 pars
1503 1152 1548 1174 ex
1576 1139 1661 1182 hoc,
1687 1149 1755 1173 non
1782 1136 1887 1184 pauci

220 1212 339 1241 autem
369 1206 437 1241 loci
475 1219 521 1242 ex
557 1206 634 1241 aliis
667 1206 802 1254 sumpti
836 1213 977 1251 essent,
1012 1219 1189 1254 perquam
1222 1206 1396 1242 credibile
1426 1214 1492 1242 est.
1550 1207 1605 1242 Ad
1642 1207 1748 1241 talem
1777 1204 1887 1251 igitur

221 1273 484 1321 gnomologiam
514 1274 601 1309 illud
626 1274 880 1321 Xenophontis
909 1273 1155 1310 testimonium
1191 1274 1395 1322 pertinere,
1431 1275 1514 1310 licet
1550 1287 1616 1321 pro
1654 1279 1755 1309 certo
1790 1271 1885 1307 affir-

222 1353 320 1381 mare
346 1353 451 1376 nemo
477 1341 590 1385 ausit,
619 1347 737 1377 tamen
766 1342 795 1376 si
821 1342 900 1389 quis
930 1341 997 1377 sibi
1022 1342 1208 1389 probabile
1235 1342 1350 1377 videri
1375 1342 1489 1386 dicat,
1525 1354 1595 1377 non
1620 1341 1725 1377 video
1756 1339 1886 1387 quibus

220 1409 442 1456 argumentis
471 1409 623 1444 refutari
646 1409 773 1457 possit.
828 1409 917 1444 Nam
942 1409 979 1445 id
1003 1410 1149 1457 quidem
1176 1410 1237 1446 vix
1264 1410 1463 1445 verendum
1490 1416 1563 1453 est,
1593 1421 1637 1444 ne
1666 1408 1745 1456 quis
1768 1407 1885 1442 ⁷n'rum

219 1476 403 1524 antiquum
429 1482 466 1512 et
493 1476 529 1512 in
553 1476 718 1512 civilibus
744 1489 786 1512 ac
814 1476 1029 1512 militaribus
1058 1477 1212 1525 negotiis
1238 1478 1319 1525 plus
1353 1483 1453 1512 certe
1482 1489 1587 1524 quam
1617 1476 1650 1511 in
1680 1475 1807 1511 otiosis
1832 1474 1884 1509 lit-

220 1551 378 1580 terarum
404 1544 534 1580 studiis
559 1551 741 1580 versatum
771 1544 814 1579 ad
840 1550 1047 1579 nostrorum
1067 1545 1385 1593 grammaticorum
1406 1552 1442 1580 et
1466 1545 1676 1580 criticorum
1701 1544 1813 1578 instar
1839 1542 1884 1577 de

219 1611 436 1647 anctoritate
463 1612 733 1661 gnomologiae,
771 1624 875 1659 quam
900 1612 1057 1659 legerat,
1093 1625 1314 1660 magnopere
1340 1612 1534 1648 sollicitum
1563 1612 1676 1647 fuisse
1702 1617 1738 1647 et
1764 1618 1883 1646 utrum

218 1679 287 1727 ipsi
313 1679 522 1727 Theognidi
550 1692 592 1715 an
621 1679 679 1715 alii
712 1679 868 1726 cuipiam
905 1679 972 1715 ista
1004 1680 1218 1728 compositio
1250 1680 1449 1716 deberetur
1478 1680 1623 1716 curiose
1660 1679 1884 1727 quaesivisse

220 1747 425 1782 contendat.
481 1748 556 1783 Sed
589 1755 689 1783 esto:
736 1747 846 1782 fuerit
880 1747 938 1782 illa
973 1749 1113 1795 qualem
1148 1748 1354 1796 Xenophon
1388 1747 1473 1795 legit
1503 1747 1584 1782 talis
1618 1753 1692 1783 tota
1725 1748 1768 1782 ab
1804 1747 1883 1794 ipso

220 1814 437 1862 Theognide
466 1815 646 1862 quondam
676 1814 793 1858 edita3
830 1814 917 1850 illud
943 1820 1062 1850 tamen
1087 1828 1260 1863 negamus
1289 1816 1369 1851 fieri
1399 1827 1526 1863 posse,
1561 1821 1600 1851 ut
1628 1827 1673 1850 ex
1702 1816 1767 1850 hac
1792 1827 1883 1862 quae

217 1881 325 1918 hodie
353 1888 453 1917 extat
479 1882 677 1930 farragine,
706 1882 810 1918 cuius
839 1883 1066 1930 compilatori
1091 1883 1222 1919 nullam
1247 1882 1425 1919 eiusmodi
1455 1883 1705 1918 collectionem
1734 1892 1881 1932 praesto

217 1949 332 1985 fuisse
361 1948 605 1985 certissimum
634 1957 708 1995 est,
743 1950 772 1984 si
804 1950 884 1997 quis
912 1963 976 1986 eos
1005 1963 1153 1995 versus,
1189 1950 1249 1998 qui
1278 1958 1339 1986 aut
1363 1950 1553 1986 manifesto
1582 1951 1688 2000 alieni
1716 1958 1800 1986 sunt
1823 1958 1883 1986 aut,

219 2016 304 2051 nihil
333 2016 378 2051 de
405 2016 538 2052 virtute
568 2017 743 2065 bonisque
772 2017 932 2053 moribus
958 2017 1204 2065 praecipiunt,
1232 2031 1356 2053 omnes
1386 2018 1563 2054 eliminet.
1593 2025 1737 2054 ceteros
1763 2025 1882 2054 autem

218 2083 462 2131 probabiliore
488 2085 642 2131 quodam
668 2085 929 2121 sententiarum
954 2086 1082 2121 ordine
1102 2085 1288 2132 disponat,
1317 2086 1450 2133 aliquid
1473 2087 1608 2122 veteris
1628 2087 1723 2122 illius
1736 2099 1882 2134 gnomo-

219 2150 335 2198 logiae
363 2151 479 2186 simile
514 2158 574 2187 aut
602 2165 672 2188 non
707 2152 811 2188 nimis
845 2154 971 2189 saltem
1008 2154 1050 2188 ab
1080 2153 1159 2188 eius
1189 2152 1424 2188 similitudine
1458 2154 1658 2189 abhorrens
1690 2154 1881 2190 efficiatur.

221 2217 308 2252 Nam
338 2219 501 2265 quamtis
529 2220 639 2256 multa
667 2220 851 2265 elimines,
894 2222 1082 2256 restabunt
1113 2227 1232 2256 tamen
1263 2233 1410 2267 semper
1442 2221 1613 2269 plurima,
1650 2235 1742 2269 quac
1773 2234 1880 2269 quum

221 2290 281 2319 aut
310 2284 454 2321 diversa
483 2287 537 2322 rei
562 2288 728 2335 publicae
755 2294 918 2335 tempora
948 2296 1007 2323 aut
1038 2289 1219 2323 diversam
1247 2294 1376 2335 poetae
1405 2288 1520 2335 ipsius
1552 2296 1705 2324 aetatem
1737 2302 1778 2324 ac
1800 2302 1881 2324 con-

383 2410 419 2448 4)
441 2412 482 2440 Ct’.
504 2412 601 2440 Galen.
619 2413 656 2448 ‚de
678 2413 807 2447 Hippocr.
834 2414 861 2440 et
882 2413 951 2440 Plat.
975 2413 1069 2446 dogm.
1084 2412 1133 2445 111,
1153 2415 1170 2439 4
1191 2415 1256 2441 tom.
1274 2414 1292 2439 V
1313 2421 1339 2448 p.
1354 2413 1410 2441 3¹5
1432 2413 1520 2441 Kiihn.
1565 2415 1705 2442 lamblich.
1731 2417 1778 2443 vit.
1801 2416 1882 2449 Pytn.

219 2465 244 2486 s.
260 2460 308 2485 111
331 2465 357 2493 p.
370 2458 426 2485 238
447 2459 550 2486 Kiessl.

383 2503 418 2536 5)
440 2504 497 2530 th.
520 2503 640 2531 Meinek.
659 2504 692 2531 ad
714 2504 858 2532 Menandr.
883 2506 915 2531 fr.
939 2506 1028 2539 praes.
1052 2511 1077 2538 p.
1094 2504 1146 2531 XII.
1164 2504 1232 2531 Xlll.
