2169 2854
1096 231 1133 271 6

286 356 339 390 dis
370 355 569 390 versiculos
597 351 801 387 Salomonis
836 347 1039 396 proverbiis
1075 345 1338 393 praeferendos
1371 343 1626 391 pronuntiasse
1661 341 1796 376 dicitur
1831 353 1850 374 a
1879 340 1950 387 cy<

285 423 376 466 rillo,
402 430 464 456 ctr.
496 421 622 456 iulian.
646 418 716 454 Vll
748 430 781 464 p.
800 416 871 451 221
898 414 1036 462 Spanh.

451 489 524 523 Sed
550 488 594 522 de
617 483 824 521 huiusmodi
850 481 1067 518 testimoniis
1097 486 1177 516 utut
1196 478 1430 523 iudicabitur,
1459 477 1581 526 prisca
1603 482 1704 512 certe
1731 482 1767 511 et
1793 474 1948 523 genuina

286 555 607 603 Theognideorum
633 553 831 589 carminum
852 551 968 586 forma
991 548 1107 596 qualis
1134 547 1246 583 suerit
1274 559 1321 583 ex
1346 546 1444 582 nullo
1469 557 1596 581 eorum
1617 543 1789 592 cognosci
1817 548 1949 590 potest,

285 637 352 659 nec
386 622 595 658 mirabimur
622 626 818 669 propterea
846 617 1039 653 admodum
1070 615 1188 652 varias
1217 615 1377 651 virorum
1405 614 1597 650 doctorum
1624 613 1692 647 hac
1721 611 1767 647 de
1797 623 1838 646 re
1866 622 1950 646 con-

284 692 442 726 iecturas
478 702 572 725 esse.
626 688 717 724 Nam
749 699 858 735 quum
887 685 1054 733 plerique
1083 683 1218 731 elegias
1254 682 1361 718 modo
1392 681 1576 729 longiores
1609 680 1716 716 modo
1746 678 1949 722 breviores,

283 758 348 794 sed
376 758 529 793 refertas
553 768 677 791 omnes
702 753 910 803 praeceptis
936 758 972 788 et
995 750 1301 787 admonitionibus
1326 750 1421 785 vitae
1449 750 1506 785 vel
1535 748 1701 797 privatim
1732 748 1786 783 vel
1803 745 1949 794 publice

283 832 384 861 recte
412 825 585 873 agendae,
611 823 653 858 ad
681 822 857 857 iuniorem
888 820 1044 856 amicum
1073 819 1237 867 Cyrnum
1266 830 1295 853 s.
1326 817 1553 865 Polypa'i'den
1583 815 1693 852 variis
1721 814 1948 862 temporibus

283 906 302 927 a
328 892 544 939 Theognide
569 891 724 938 scriptas
752 902 834 925 esse
860 892 1052 929 censeant,
1081 886 1160 922 aliis
1190 890 1315 921 contra
1345 884 1569 933 probabilius
1597 884 1713 920 visum
1740 889 1808 928 est,
1833 881 1948 917 maius

283 960 461 1008 quoddam
499 959 599 1007 quasi
643 971 776 1006 corpus
816 956 1004 1005 gnomicae
1047 954 1267 1003 sapientiae,
1309 953 1386 989 sive
1424 952 1630 988 continuam
1664 956 1946 999 praeceptorum

282 1028 415 1062 seriem
442 1034 543 1063 certo
573 1026 741 1074 quodam,
765 1035 980 1073 quamquam
1009 1022 1182 1058 liberiore
1210 1021 1338 1057 ordine
1363 1020 1601 1067 compositam
1629 1018 1764 1054 fuisse:
1793 1030 1861 1053 nec
1886 1017 1947 1051 de-

282 1097 446 1139 fuerunt,
477 1094 536 1141 qui
563 1093 717 1129 mediam
747 1093 925 1141 quandam
953 1092 1046 1127 viam
1074 1090 1226 1132 inirent,
1254 1101 1364 1137 quum
1394 1087 1601 1136 „principio
1630 1087 1775 1135 quidem
1803 1090 1946 1133 poetam

283 1163 441 1198 carmina
469 1162 629 1209 elegiaca
656 1161 797 1208 singula
829 1166 866 1196 et
892 1171 985 1208 quae
1013 1159 1160 1194 diversa
1190 1170 1314 1194 rerum
1343 1155 1560 1191 condicione
1588 1161 1670 1190 nata
1704 1152 1848 1189 modico
1876 1164 1945 1187 am*

283 1231 357 1265 bitu
389 1231 701 1265 absolverentur“
739 1228 933 1276 scripsisse
969 1232 1174 1262 statuerent
1209 1225 1308 1271 „sed
1343 1237 1452 1271 quum
1489 1223 1673 1271 paullatim
1702 1234 1769 1270 per
1804 1232 1950 1256 omnem

282 1297 480 1333 honestatis
509 1309 675 1344 campum
700 1297 770 1331 late
792 1300 941 1343 vagatus
970 1299 1082 1339 esset,
1111 1293 1269 1329 carmina
1294 1293 1361 1327 ista
1389 1291 1432 1327 ad
1460 1292 1625 1339 Cyrnum
1649 1290 1758 1325 missa
1786 1288 1821 1324 in
1851 1287 1947 1324 ordi·

283 1378 361 1401 nem
391 1365 569 1412 quendam
599 1369 873 1412 coagmentasse
907 1361 1207 1407 continuumss).“
1261 1359 1377 1396 Nobis
1408 1359 1554 1407 quidem
1586 1357 1766 1394 eiusmodi
1800 1368 1945 1392 carmen

282 1434 499 1469 didacticum
530 1433 738 1468 continuum
769 1433 811 1467 ab
844 1431 923 1479 ipso
951 1428 1170 1477 Theognide
1201 1434 1262 1463 aut
1296 1427 1465 1475 primitus
1489 1426 1731 1475 compositum
1760 1431 1822 1461 aut
1850 1430 1944 1472 post-

282 1502 387 1537 modo
418 1500 670 1537 concinnatum
706 1512 789 1535 esse
823 1500 921 1535 nullo
951 1497 1038 1533 satis
1076 1501 1177 1532 certo
1211 1501 1425 1543 argumento
1462 1495 1609 1543 probari
1641 1505 1751 1543 posse
1782 1493 1946 1535 videtur3

282 1579 316 1605 et
345 1570 373 1604 si
403 1570 511 1604 fuerit
543 1568 719 1604 eiusmodi
745 1579 891 1603 carmen
920 1564 1173 1612 Xenophontis
1200 1569 1341 1608 aetate,
1376 1564 1411 1599 id
1441 1563 1537 1611 quod
1567 1575 1612 1599 ex
1641 1564 1749 1599 huius
1777 1564 1896 1599 verbis
1926 1576 1945 1598 a

281 1639 439 1673 Stobaeo
464 1636 586 1671 relatis
622 1636 740 1683 colligi
770 1648 880 1683 posse
909 1633 1163 1677 concedimus,
1200 1632 1286 1667 nihil
1316 1638 1434 1667 tamen
1470 1632 1616 1666 obstare
1643 1638 1831 1679 putamus,
1859 1645 1945 1679 quo—

281 1706 396 1740 minus
423 1704 685 1752 gnomologiam
715 1703 894 1751 quandam
915 1714 962 1738 ex
986 1700 1095 1737 variis
1120 1699 1348 1747 Theognidis
1377 1699 1504 1747 elegiis
1532 1705 1744 1747 excerptam
1773 1700 1842 1735 iam
1870 1706 1943 1735 tum

278 1774 314 1808 in
342 1772 503 1808 manibus
529 1772 711 1807 hominum
740 1771 867 1815 fuisse,
894 1782 1047 1817 eamque
1076 1781 1095 1803 a
1112 1768 1356 1816 Xenophonte
1376 1767 1573 1815 significari
1603 1768 1807 1804 credamus.
1851 1769 1944 1804 Con-

279 1849 347 1876 stat
384 1840 476 1876 enim
514 1840 581 1874 iam
619 1839 678 1874 illo
710 1845 876 1886 tempore
912 1837 1024 1874 moris
1054 1836 1188 1872 fuisse.
1225 1842 1263 1871 ut
1298 1847 1369 1870 non
1403 1834 1544 1882 integra
1570 1848 1717 1884 semper
1753 1843 1942 1884 poetarum

280 1921 388 1956 opera
413 1908 478 1943 sed
508 1907 613 1942 etiam
646 1906 811 1954 excerpti
840 1918 887 1942 ex
915 1905 1067 1953 integris
1096 1904 1318 1940 carminibus
1344 1902 1411 1938 loci
1444 1902 1683 1950 insigniores,
1718 1910 1754 1939 et
1781 1905 1840 1952 qui
1873 1917 1943 1939 ma<

279 1977 374 2011 xime
403 1976 446 2009 ad
471 1974 608 2009 animos
637 1974 805 2009 iuvenum
833 1985 1028 2021 moresque
1055 1972 1264 2008 formandos
1293 1971 1556 2006 accommodati
1586 1978 1721 2017 essent,
1751 1984 1767 2006 a
1795 1985 1943 2019 praece-

280 2043 441 2089 ptoribus
461 2042 720 2088 colligerentur
742 2048 778 2077 et
806 2041 840 2076 in
865 2041 1000 2077 scholis
1022 2045 1303 2086 usurparentur,
1328 2039 1431 2074 cuius
1460 2039 1572 2074 moris
1603 2045 1732 2075 testem
1754 2041 1941 2075 Platonem

280 2111 470 2153 habemus,
504 2109 562 2156 qui
592 2109 706 2156 Legg.
729 2108 801 2143 Vll
830 2121 862 2156 p.
878 2109 950 2144 811
973 2109 1018 2144 A.
1048 2120 1065 2142 a
1097 2107 1216 2142 multis
1246 2107 1335 2142 hauc
1363 2106 1519 2142 docendi
1549 2108 1725 2143 rationem
1762 2121 1943 2144 commen-

278 2177 353 2211 (lari
384 2176 450 2211 stit:
479 2184 514 2213 ἐκ
537 2181 672 2213 πάντων.
703 2175 831 2223 lnquit,
859 2179 1021 2219 κεφάλαια
1042 2180 1223 2219 ἐκλέξαντες
1246 2179 1303 2210 καί
1325 2193 1411 2215 τινας
1435 2176 1512 2216 ὅλας
1534 2178 1639 2220 ῥήσεις
1662 2181 1703 2216 εἰς
1723 2179 1822 2212 ταύτὸ
1846 2186 1941 2220 ξυνα-

277 2246 432 2287 γαγόντες
455 2245 671 2286 ἕκμανῑγάνειν
692 2244 772 2284 φασὶ
795 2248 869 2277 δεῖν.
914 2241 1007 2276 Rem
1032 2253 1101 2276 non
1128 2240 1333 2276 inusitatam
1355 2241 1470 2276 fuisse
1490 2242 1596 2277 etiam
1614 2242 1798 2278 Isocrates
1821 2250 1939 2279 osten»

277 2311 345 2353 (lit,
382 2309 424 2343 ad
457 2308 595 2344 Nicocl.
623 2309 658 2355 §-
684 2308 764 2353 44„
797 2321 905 2356 quum
942 2309 988 2344 de
1023 2309 1068 2344 iis
1101 2310 1288 2356 loquatur,
1331 2310 1391 2357 qui
1428 2315 1485 2350 τὰς
1516 2316 1720 2356 καλοιῃιέυας
1751 2317 1885 2358 γνώμας
1921 2325 1939 2346 e

276 2376 482 2424 praecipuis
512 2375 628 2422 poetis
664 2377 820 2411 selectas
849 2376 1039 2412 iuvenibus
1069 2383 1292 2424 proponant:
1325 2383 1360 2412 et
1391 2377 1594 2413 Aeschines
1624 2391 1789 2426 quoque,
1824 2386 1938 2413 contr.

435 2522 469 2557 3)
491 2524 699 2550 Schneidewin!
722 2525 807 2551 verba
832 2526 922 2558 posui,
944 2525 1048 2552 Delect.
1066 2531 1091 2559 p.
1108 2526 1153 2552 48.
