2169 2854
1176 239 1244 280 12

376 362 516 404 pturam
546 357 712 401 alterius,
742 368 868 405 parum
898 355 1022 403 liquet.
1079 355 1154 390 Nos
1175 354 1270 402 quod
1295 366 1342 389 ex
1364 353 1577 388 coniectura
1598 354 1805 402 posuimus,
1834 353 2042 403 significare

376 430 496 471 potest
523 423 775 459 civitatemrad
807 423 1085 470 vituperandum
1114 421 1420 469 promptissimam
1451 428 1603 469 propter
1630 422 1698 458 hoc
1725 422 1843 470 ipsum
1878 422 1922 457 ad
1952 421 2044 457 sani-

375 498 484 527 tatem
515 504 556 526 ac
589 491 741 526 salutem
777 490 1066 538 recuperandam
1108 489 1264 525 maxime
1296 489 1441 536 inopem
1479 502 1562 525 esse
1587 490 1655 538 ¹¹).
1710 491 1851 538 Nempe
1886 489 2045 526 salubria

374 571 440 595 sua
463 557 613 594 consilia
640 548 828 605 Theogiiis
853 569 871 592 a
894 557 1034 593 civibus
1058 562 1182 604 spreta
1207 569 1290 592 esse
1313 556 1543 604 indignatum
1583 558 1804 606 fueruntque
1827 559 1984 594 fortasse
2008 557 2045 592 hi

374 638 503 661 versus
532 625 614 660 olim
644 624 763 660 statim
794 630 876 672 post
905 624 978 659 234
1006 624 1126 671 positi.
1181 624 1258 659 Sed
1287 629 1484 672 utcumque
1513 624 1558 660 de
1587 625 1642 660 his
1671 625 1910 670 iudicabitur,
1939 637 2045 673 quam

376 692 599 728 curationem
623 691 678 727 rei
705 692 872 739 publicae
902 704 966 727 nos
996 691 1203 738 Theognidi
1226 691 1454 727 commissam
1483 693 1549 728 sed
1578 705 1662 729 mox
1686 706 1815 729 rursus
1841 694 2046 742 ademptam

374 761 488 796 fuisse
517 760 759 804 coniecimus,
788 772 866 795 eam
888 759 947 795 alii
970 759 1146 807 cuipiam,
1175 765 1211 795 et
1231 760 1368 795 maiore
1392 772 1473 795 cum
1498 766 1699 808 potestate,
1728 762 1942 809 permissam
1962 774 2045 797 esse

374 841 443 864 non
472 834 611 863 temere
640 827 743 863 nobis
772 840 818 863 ex
842 827 896 862 his
923 827 1090 862 versibus
1121 826 1294 874 colligere
1323 827 1510 873 videmur,
1539 828 1600 875 qui
1629 833 1713 864 sunt
1736 828 1957 866 847—8502

788 905 855 946 Λὰξ
877 906 968 947 ἐπίβα
991 906 1078 947 δήμῳ
1102 906 1298 947 κενεόφρυυι,
1321 906 1411 938 τύπτε
1435 906 1467 938 δὲ
1490 908 1608 948 κέντρῳ

872 964 932 1005 ὀξέι
957 963 1011 996 καὶ
1033 965 1168 1006 ζεύγλην
1191 965 1354 1005 δύσλοφον
1370 965 1544 1006 ἀμφιτῖἓγει·

788 1023 826 1054 οὐ
849 1022 914 1064 γάρ
937 1019 980 1058 {0¹3⁸
1006 1022 1146 1063 εὑρήσεις
1169 1024 1269 1064 δῆμον
1289 1023 1516 1063 φιλοδέσποτον
1538 1020 1597 1056 ὧδε

872 1082 1062 1122 ‹hemmam-nv,
1086 1081 1225 1119 ὁπόσους
1246 1082 1347 1121 ἠέλιος
1364 1083 1507 1123 mabog&-

375 1152 551 1188 Nimirum
574 1153 688 1188 iratus
712 1153 828 1200 plebi,
873 1166 891 1188 a
920 1166 990 1201 qua
1011 1154 1091 1201 ipse
1117 1160 1265 1202 spretus
1294 1160 1391 1200 erat,
1431 1155 1549 1201 illum,
1585 1156 1646 1203 qui
1674 1169 1769 1199 nunc
1795 1156 1848 1192 rei
1876 1156 2043 1204 publicae

372 1220 605 1267 praepositus
634 1226 708 1265 est,
738 1221 904 1256 hortatur
925 1227 964 1257 ut
988 1228 1169 1268 potestate
1194 1222 1262 1257 sibi
1285 1222 1466 1270 permissa
1482 1223 1590 1259 etiam
1619 1224 1764 1260 fortiter
1778 1229 1899 1260 utatur
1914 1224 2046 1272 ipsam-

373 1300 443 1334 que
473 1288 614 1334 plebem
639 1288 744 1323 istam
771 1289 887 1324 levem
913 1296 1022 1336 atque
1041 1290 1207 1325 stolidam
1230 1290 1408 1326 violenter
1429 1303 1605 1327 coercere
1631 1304 1676 1327 ne
1693 1301 1883 1337 vereatur,
1908 1291 2043 1340 quippe

374 1367 466 1401 quae
490 1360 587 1390 tanta
611 1355 681 1402 ipsi
710 1361 891 1403 potestate
917 1356 1050 1391 tradita
1078 1359 1305 1400 φιλοδέσποωυ
1329 1370 1369 1392 se
1399 1371 1482 1393 esse
1507 1360 1722 1396 ostenderit.
1762 1360 1817 1395 Ad
1837 1360 1935 1396 idem
1955 1365 2045 1394 tem-

374 1434 441 1468 pus
467 1422 653 1469 pertinere
682 1423 851 1459 videntur
880 1423 916 1458 hi
940 1436 1090 1468 versuS‚
1118 1424 1203 1458 821.
1228 1424 1282 1459 2:

788 1490 864 1531 μήτε
887 1490 939 1521 τιν’
963 1485 1040 1530 affuge
1064 1491 1221 1531 τύραννον
1243 1491 1284 1522 ἐπ’
1310 1491 1417 1532 ἑλπίδι,
1438 1492 1582 1533 κέρδεσιν
1603 1491 1711 1530 εἴκων,

871 1549 947 1590 μήτε
970 1552 1067 1580 κτεῖνε
1091 1551 1176 1586 θεῶν
1199 1547 1294 1590 ὅρκια
1317 1551 1529 1592 συνθέμενος,

373 1606 503 1654 quibus
525 1607 711 1643 admoneri
735 1609 898 1656 Cyrnum
922 1609 1054 1653 credo,
1081 1614 1138 1653 ut,
1168 1609 1198 1643 si
1225 1609 1318 1644 forte
1343 1609 1372 1644 is
1403 1610 1463 1657 qui
1488 1610 1541 1645 rei
1570 1611 1737 1658 publicae
1766 1612 1975 1659 praefectus
1995 1611 2043 1647 sit

371 1674 600 1721 tyrannidem
630 1675 793 1720 affectet,
828 1676 912 1712 huic
940 1689 980 1711 se
1007 1689 1125 1724 neque
1150 1677 1354 1712 ad⁷utorem
1381 1679 1556 1725 praebeat
1580 1678 1638 1714 sui
1666 1679 1833 1726 privatim
1862 1679 2042 1716 commodi

373 1754 501 1787 causa,
533 1754 651 1790 neque
677 1755 763 1789 vero
793 1744 836 1779 ad
862 1756 944 1779 eum
967 1744 1249 1779 interimendum
1272 1744 1560 1781 coniurationem
1585 1746 1714 1781 faciat:
1753 1747 1894 1794 qualem
1920 1747 2042 1783 admo-

371 1809 543 1844 nitionem
572 1822 641 1845 non
671 1810 882 1847 mirabimur
909 1812 944 1847 in
975 1825 1038 1857 eo,
1068 1812 1125 1847 cui
1152 1813 1325 1860 populum
1352 1813 1543 1860 tyrannico
1569 1814 1724 1862 imperio
1751 1815 1896 1863 dignum
1925 1816 2042 1852 visum

373 1888 454 1911 esse
483 1889 595 1923 supra
622 1878 869 1926 cognovimus.
925 1879 1005 1914 Non
1039 1885 1158 1914 tamen
1188 1879 1440 1926 perseveravit
1463 1880 1498 1915 in
1525 1880 1592 1915 hac
1619 1882 1822 1918 sententia:
1863 1895 1943 1918 nam
1972 1883 2042 1926 alio

373 1944 472 1988 ioco,
506 1957 536 1979 v.
564 1945 658 1979 1203
684 1958 780 1993 sqq.‚
808 1946 1026 1981 acerrimum
1052 1946 1256 1994 tyrannidis
1282 1947 1404 1982 odium
1428 1948 1648 1995 profitetur:

787 2025 854 2057 Οὐκ
876 2022 945 2066 εἶμ’,
968 2026 1031 2057 οὐδ’
1058 2026 1106 2057 ὑπ’
1132 2027 1210 2067 ἐμοῦ
1231 2027 1428 2066 κεκλήσεται,
1451 2027 1515 2059 οὐδ’
1543 2027 1588 2059 ἐπὶ
1612 2028 1718 2070 τύμβῳ

874 2084 1047 2126 OQM-›xssrfiq
1071 2084 1129 2115 ὑπὸ
1152 2086 1215 2126 Γγὶῖᾟ
1240 2082 1297 2116 ,εἶσί
1319 2085 1473 2126 ΤύῼαἮΊῘΟς
1495 2086 1586 2127 ἀᾜήῼι

788 2143 851 2174 οὐδ’
875 2140 917 2174 dlv
941 2144 1058 2179 ἐκεῖνος
1079 2144 1156 2184 ἐμοῧ
1180 2144 1346 2182 τεθνηότος
1364 2140 1425 2175 οὔτ’
1451 2144 1582 2184 ἀνιῷτο,

870 2198 941 2232 οὔτε
964 2199 1049 2232 κατὰ
1070 2201 1237 2241 βλεφάρων
1260 2202 1388 2242 δάκρυα
1411 2203 1515 2243 Ξτέρμα
1538 2204 1640 2243 βάλοι.

373 2281 405 2309 et
436 2288 516 2310 cuni
546 2277 689 2323 quidem
719 2284 931 2325 tyrannum,
955 2278 1014 2324 qui
1036 2278 1228 2314 immodica
1246 2279 1463 2315 tributorum
1482 2281 1675 2316 exactione
1690 2283 1899 2331 rapinisque
1916 2288 2038 2334 populi

372 2343 560 2378 facultates
588 2345 799 2389 exhauriat,
828 2345 954 2392 quavis
985 2351 1099 2381 morte
1125 2346 1271 2393 dignum
1298 2360 1381 2382 esse
1410 2347 1539 2383 clamat
1568 2361 1598 2383 v.
1624 2350 1740 2384 1181:

536 2484 585 2520 11)
607 2483 820 2522 Ἀνολβότερος
845 2488 977 2514 feminino
999 2494 1104 2520 genere
1126 2488 1228 2515 «lictum
1243 2496 1297 2516 non
1319 2491 1408 2523 magis
1430 2497 1509 2523 quum
1534 2490 1594 2522 σῶς
1609 2492 1731 2519 offendet
1746 2494 1907 2527 peritiores.
1942 2495 2037 2523 Potest

370 2532 459 2558 autem
484 2532 566 2559 etiam
590 2528 785 2567 ‹ivofflo'zsuot
807 2540 874 2560 cum
890 2534 969 2561 codd.
992 2534 1077 2560 scribi
1099 2535 1127 2561 et
1150 2534 1210 2567 σῶς
1229 2541 1279 2569 pro
1300 2536 1399 2570 plurali
1420 2543 1534 2563 numero
1555 2539 1656 2571 accipi.
