2169 2854
1111 219 1147 255 ς

300 339 469 374 ditionem
495 336 668 384 prodant,
711 337 744 371 in
776 335 934 370 carmine
964 333 1136 370 continuo
1165 339 1201 368 et
1236 344 1307 367 uno
1342 340 1510 382 tempore
1548 333 1664 377 edito,
1704 333 1846 381 qualem
1880 330 1963 366 olim

299 404 525 452 Theognidis
548 404 676 439 librum
701 404 814 439 fuisse
842 403 986 446 volunt,
1016 403 1133 437 locum
1163 401 1298 436 habere
1325 402 1422 437 nullo
1452 401 1559 437 modo
1587 405 1799 449 potuerunt.
1855 399 1964 434 lntel-

298 476 465 510 lexerunt
493 472 561 506 hoc
589 471 723 506 dudum
753 470 812 506 alii
833 477 869 506 et
894 469 979 517 quid
1004 469 1088 504 inde
1113 474 1360 516 consequatur
1385 476 1622 514 monuerunt,
1650 474 1690 504 ut
1712 474 1832 504 actum
1855 478 1964 514 agere

298 541 413 577 videri
441 540 556 587 possit
583 539 642 586 qui
672 539 792 574 denuo
820 551 897 574 rem
926 543 1070 573 tractet.
1127 536 1202 572 Sed
1233 536 1421 584 quoniam,
1450 543 1489 572 ut
1510 536 1545 572 in
1568 535 1764 584 proverbio
1787 540 1861 580 est,
1891 534 1964 570 duo

299 622 407 658 quum
436 606 572 643 faciunt
598 606 695 642 idem
724 619 793 642 non
819 612 875 641 est
902 606 1018 648 idem,
1053 617 1173 651 neque
1202 604 1377 640 habemus
1402 605 1472 640 hoc
1500 611 1665 652 tempore
1692 603 1788 652 quod
1817 614 1965 650 agamus

299 677 431 726 potius,
448 676 493 710 de
508 674 687 710 nonnullis
700 680 800 709 certe
814 674 922 709 huius
939 672 1131 720 farraginis
1146 672 1310 720 partibus
1327 671 1527 719 quidnobis
1541 672 1709 708 videatur
1724 682 1963 718 exponemus.

460 742 622 779 Primum
662 742 770 789 igitur
809 741 945 788 aliquot
981 740 1149 776 versibus
1182 752 1264 775 eum
1301 739 1403 775 nobis
1442 740 1496 775 rei
1531 740 1699 788 publicae
1735 738 1963 787 Megarensis

297 820 427 849 statum
463 810 658 857 significari
695 809 932 854 arbitramur,
971 809 1007 844 in
1041 821 1111 856 quo
1148 821 1257 856 quum
1292 807 1486 855 optimates
1519 820 1560 843 ac
1595 807 1735 844 nobiles
1767 807 1962 855 plurimum

297 886 464 928 possent,
493 878 691 913 verendum
710 885 829 912 tamen
851 883 969 922 esset,
999 889 1044 912 ne
1064 877 1221 925 populus
1241 874 1413 923 superbia
1433 888 1559 911 eorum
1579 883 1615 910 et
1635 874 1826 910 insolentia
1851 874 1963 910 offen-

296 961 357 983 sus
386 959 455 982 non
481 945 634 993 amplius
663 945 883 993 quiesceret.
938 945 1024 980 Huc
1052 944 1237 992 pertinent
1265 956 1297 978 v.
1322 943 1368 977 39
1391 956 1490 991 sqq.:

713 1013 822 1053 Κύρνε,
845 1013 911 1043 κύει
933 1012 1019 1048 πόλις
1041 1009 1105 1051 ἥδε,
1128 1011 1256 1043 δέδοικα
1280 1008 1312 1041 δὲ
1335 1008 1379 1050 μὴ
1402 1009 1474 1051 τέκῃ
1497 1007 1601 1050 ἄνδρα

794 1069 973 1109 εὒῇυντῆρα
995 1070 1099 1108 κακῆς
1122 1066 1230 1110 ὕβριος
1256 1068 1418 1110 ἡμετέρης,

296 1134 328 1167 in
355 1143 507 1179 quorum
538 1142 707 1164 versuum
742 1130 857 1164 altero
888 1136 1007 1164 utrum
1043 1132 1191 1173 ἡμετέρης
1222 1141 1264 1164 an
1298 1133 1444 1174 ἡμετέρης
1486 1130 1647 1177 legatur,
1688 1129 1733 1164 ad
1767 1140 1842 1163 rem
1874 1128 1961 1164 nihil

294 1201 458 1235 interest.
514 1197 602 1232 Nam
633 1204 669 1232 et
694 1197 877 1245 Cyrnum,
906 1209 1012 1244 quem
1038 1202 1146 1243 poeta
1171 1196 1386 1244 alloquitur,
1417 1204 1453 1232 et
1476 1197 1595 1245 ipsum
1625 1202 1769 1244 poetam
1798 1195 1833 1232 in
1862 1196 1962 1232 nobi-

296 1268 386 1302 libus
409 1265 523 1301 fuisse
547 1265 633 1300 satis
661 1270 812 1300 constat.
862 1264 1088 1311 Scripsimus
1111 1270 1230 1299 autem
1262 1263 1406 1304 ἡμετέρης
1428 1265 1616 1310 codicum,
1646 1271 1685 1300 ut
1700 1264 1865 1309 videtur,
1888 1277 1962 1300 om-

295 1337 390 1372 nium
420 1333 654 1377 auctoritate,
684 1339 717 1367 et
748 1332 978 1380 agnoscimus
1007 1331 1185 1379 quandam
1215 1338 1347 1380 poetae
1372 1332 1650 1377 verecundiam,
1679 1333 1740 1380 qui
1761 1344 1870 1380 quum
1900 1332 1962 1368 ho-

296 1403 448 1439 minibus
463 1401 517 1436 sui
538 1400 676 1436 ordinis
693 1401 783 1444 ὕβριν
803 1401 1065 1448 exprobraret,
1082 1400 1197 1435 lenire
1211 1400 1506 1448 exprobrationis
1521 1400 1691 1437 invidiam
1708 1400 1962 1436 communione

294 1472 421 1519 culpae
449 1468 631 1505 studuerit
648 1468 696 1514 6).
732 1490 768 1493 -
802 1468 968 1504 Proximi
993 1468 1064 1504 duo
1093 1480 1242 1513 versus,

710 1534 800 1565 ὀιστοὶ
823 1534 882 1576 μὲν
905 1535 970 1576 γὰρ
994 1532 1037 1572 ἔθ’
1064 1533 1127 1567 01⁰&
1151 1535 1340 1576 σαόφρουες,
1362 1535 1516 1577 ἡγεμόνες
1539 1535 1571 1567 δὲ

791 1595 978 1635 τετράφαται
1003 1594 1121 1633 πολλὴν
1145 1595 1175 1630 ἐς
1197 1593 1360 1633 κακότητα
1382 1597 1497 1634 πεσεῖν,

294 1656 391 1691 cives
423 1654 567 1702 quidem
599 1654 717 1689 adhuc
755 1653 822 1688 sibi
859 1659 1067 1702 temperare
1103 1660 1140 1689 et
1170 1653 1338 1690 violentis
1367 1654 1528 1689 consiliis
1557 1653 1740 1689 abstinere
1769 1659 1961 1697 testantur,

293 1724 356 1759 sed
384 1723 568 1771 principes
599 1728 706 1769 atque
732 1721 984 1769 magistratus,
1022 1722 1082 1769 qui
1113 1722 1197 1770 quin
1235 1735 1281 1758 ex
1316 1721 1503 1757 nobilitate
1535 1721 1671 1758 suerint
1701 1721 1858 1757 dubitari
1891 1733 1961 1757 non

293 1797 429 1838 potest,
458 1790 509 1825 sic
535 1803 574 1825 se
602 1802 755 1838 gerere,
786 1795 825 1825 ut
853 1790 943 1825 mala
973 1789 1091 1825 omnia
1115 1789 1205 1837 ipsis
1228 1789 1389 1825 verenda
1411 1790 1494 1825 sint.
1525 1813 1568 1817 -—
1600 1791 1718 1826 Porro
1746 1789 1837 1835 ὕβριν
1862 1789 1961 1824 nobi-

293 1858 400 1894 litatis
428 1864 600 1893 accusant
625 1858 731 1893 etiam
761 1869 792 1892 v.
812 1858 920 1894 1103.
941 1858 998 1893 4.:

698 1922 807 1965 ’Ὕβρις
832 1925 885 1956 καὶ
907 1924 1084 1966 Μάγνητας
1107 1924 1248 1955 ἀπώλεσε
1271 1924 1325 1956 καὶ
1350 1926 1526 1966 Κολοφῶνα

791 1982 845 2014 καὶ
869 1983 1023 2024 Σιιιύρνην·
1043 1982 1183 2022 πάντως,
1215 1982 1330 2023 Κύρνε,
1361 1981 1415 2014 καὶ
1436 1980 1519 2024 ὔμμ’
1546 1982 1664 2015 ἀπολεῖ.

292 2061 399 2105 Vos,
428 2060 561 2107 inquit,
591 2060 623 2095 h.
640 2073 671 2095 e.
697 2060 855 2105 nobiles,
885 2066 1037 2107 propter
1065 2059 1274 2107 superbiam
1302 2059 1486 2107 peribitis,
1512 2059 1608 2095 sicut
1632 2058 1845 2105 MagneteS,
1875 2069 1961 2104 quo-

293 2141 368 2163 rum
406 2127 647 2171 calamitates,
688 2129 726 2161 r&
747 2129 928 2171 Μαγνήτων
954 2129 1065 2171 κακά,
1104 2126 1139 2162 in
1176 2127 1410 2174 proverbium
1446 2127 1636 2163 abierunt:
1678 2138 1746 2162 nec
1779 2124 1960 2160 immerito

292 2194 491 2242 suspiceris
516 2194 712 2242 significari
739 2195 807 2229 hoc
837 2193 1031 2240 proverbio
1060 2194 1251 2230 intestinas
1281 2194 1505 2239 discordias,
1540 2207 1650 2242 quum
1680 2193 1782 2241 plebs
1810 2191 1958 2239 optimau

453 2380 487 2416 6)
509 2381 632 2409 Similem
654 2383 851 2410 verecundiam
873 2384 987 2411 veteres
1014 2384 1185 2419 interpretes
1206 2386 1366 2418 agnoscunt
1392 2386 1419 2413 in
1443 2385 1572 2414 Nestoris
1592 2383 1687 2412 verbis
1708 2381 1784 2414 11.1,
1804 2379 1873 2407 260:
1901 2373 1961 2413 ἤδη

290 2426 343 2464 γάρ
369 2423 433 2453 ποτ’
459 2425 514 2463 ἐγώ
538 2425 587 2454 καὶ
615 2424 749 2461 §pelosia
778 2423 870 2463 ’ἠέπερ
900 2426 972 2464 ἡμῖν
999 2424 1145 2465 ἀνδράσιν
1172 2427 1326 2466 ώμίλησα,
1349 2432 1394 2458 uhi
1415 2438 1495 2466 quum
1521 2438 1537 2459 a
1558 2429 1700 2459 Zenodoto
1726 2426 1860 2461 scriptum
1882 2424 1962 2452 esset

291 2469 381 2508 ἠέπερ
403 2469 484 2507 ύμῖν,
508 2474 689 2508 repudiarunt
710 2474 764 2501 hoc
784 2473 968 2501 Aristarchus
992 2476 1107 2508 eiusque
1128 2477 1289 2506 sectatores
1311 2478 1407 2512 utpote
1429 2475 1626 2513 ἑφύβριστον.
1670 2472 1728 2502 Διὰ
1749 2469 1779 2499 δὲ
1800 2470 1855 2498 τοῦ
1876 2467 1960 2506 ἡμῖν,

290 2520 375 2552 lnquit
398 2518 583 2549 ArlStOnlcus.
606 2517 655 2545 καὶ
677 2517 784 2546 ἑαυτὸν
807 2521 1044 2555 συγκαταριθμεῐ
1064 2518 1112 2547 καὶ
1136 2520 1249 2555 πάντας
1272 2520 1343 2555 τοὺς
1364 2520 1434 2549 καθ’
1454 2521 1558 2551 αὐτόν.
